2688 4158
109 464 129 502 θ

191 402 347 486 incertus,
394 403 484 467 cuius
523 401 672 467 libellum
714 402 838 486 primus
880 401 979 485 edidi,
1020 404 1133 467 auctor
1169 403 1207 469 de
1305 487 1306 492 ἵ

192 492 334 556 enceniis
357 490 562 575 imperatoris
585 495 840 574 pretiosissrmls.

280 579 329 644 De
366 580 516 645 omnibus
554 586 661 646 autem
699 580 769 644 fere
802 580 899 644 rebus
937 600 956 642 a
992 575 1207 664 Constantino

190 667 311 754 Magno
342 669 442 752 gestis
475 689 548 732 cum
581 673 696 752 poetae
723 689 894 752 rerumque
923 668 1096 750 scriptores
1130 690 1207 733 vera

191 779 264 822 cum
287 758 372 822 fictis
392 760 425 822 et
447 757 543 840 plane
561 757 654 823 falsis
674 759 845 822 miscentes
866 758 918 820 sat
935 757 1055 821 multas
1077 756 1207 822 fabulas

191 847 406 911 confinxerint
429 844 633 930 gloriamque
655 847 862 931 imperatoris
886 845 1031 910 omnium
1058 845 1206 911 christia·

189 936 316 1000 nissimi
348 935 410 999 fide
442 934 595 999 narrandi
627 957 760 1018 prorsus
793 933 943 1018 neglecta
975 938 1131 1018 augentes
1165 935 1205 998 ad

189 1029 336 1088 nostram
360 1023 550 1088 memoriam
573 1024 773 1108 rettulerint3
798 1045 895 1108 quam
918 1022 1057 1086 maxime
1081 1023 1120 1087 ad
1143 1023 1206 1089 hoc

189 1116 319 1196 tempus
339 1113 456 1176 mirum
475 1111 539 1176 fuit
558 1113 597 1178 do
617 1113 687 1197 eis,.
700 1133 783 1197 quae
801 1112 952 1176 iuvenis
971 1108 1206 1178 Constantinus

189 1201 361 1284 perfecerit
394 1201 574 1285 quibusque
606 1203 672 1266 iam
704 1201 829 1266 iuvenis
859 1200 1018 1266 honorem
1049 1221 1205 1285 magnum

189 1290 326 1373 adeptus
350 1312 420 1355 esse
444 1291 581 1375 dicatur,
612 1312 723 1355 omnes
748 1290 922 1374 scriptores
945 1289 1012 1353 fere
1034 1289 1117 1354 nihil
1139 1294 1205 1354 tra-

189 1379 263 1442 dere
288 1379 485 1444 altissimum
509 1383 655 1445 tenentes
680 1378 854 1443 silentium.
890 1376 986 1443 Nunc
1004 1400 1080 1443 vero
1103 1378 1205 1444 habes

188 1467 288 1532 etiam
326 1468 364 1532 de
400 1468 567 1533 iuventute
603 1467 810 1552 imperatoris
843 1467 1066 1531 inlustrissimi
1098 1467 1205 1550 ‘opus-

171 1555 309 1628 culum'
333 1557 445 1622 multis
469 1557 585 1640 quibus
609 1557 696 1620 haud
720 1578 854 1639 paryam
876 1555 984 1640 capias
1003 1556 1205 1639 voluptatem

186 1646 308 1710 fabulis
332 1645 508 1710 abundans.

276 1733 325 1798 De
347 1733 465 1798 harum
487 1733 675 1798 fabularum
703 1733 849 1798 fontibus
873 1737 906 1797 et
929 1734 967 1798 de
991 1753 1117 1818 genere,
1140 1755 1204 1817 quc

186 1822 329 1886 incertus
357 1822 410 1886 hic
439 1825 552 1886 auctor
578 1823 612 1885 in
642 1823 690 1886 cis
720 1822 889 1887 narrandis
922 1845 1000 1888 usus
1033 1826 1096 1905 est,
1129 1822 1205 1888 scri-

172 1910 284 1974 ‘bencli
304 1911 464 1994 rebusque
483 1913 608 1993 ceteris,
630 1933 711 1994 quae
731 1910 853 1976 adhoc
873 1911 1066 1995 opusculum
1084 1912 1204 1976 rectius

187 1999 430 2083 percipiendum
453 1998 628 2078 attineant,
653 1999 718 2063 alio
742 2000 815 2064 loco
839 2017 910 2064 sum
934 2000 1147 2088 expositurus.

276 2085 443 2171 Codicum,
467 2109 506 2152 ex
526 2088 642 2171 quibus
661 2088 758 2151 huius
778 2088 854 2152 libri
875 2111 934 2172 per
952 2089 1056 2153 multa
1074 2088 1206 2154 saecula

187 2175 318 2241 silentio
346 2195 481 2259 prorsus
511 2177 662 2242 exstincti
690 2177 880 2242 memoriam
903 2179 1099 2260 repetiturus
1122 2197 1205 2261 sum,

185 2265 306 2330 altera
325 2287 377 2330 me
396 2263 551 2328 litteraD
568 2266 770 2349 significatus
790 2269 840 2330 est
857 2267 1075 2332 bibliothecae
1094 2265 1206 2350 regiae

184 2354 332 2437 publicae
352 2353 544 2418 Dresdcnsis
569 2353 602 2418 ‘J
622 2353 693 2437 46⁹,
716 2354 757 2419 ad
777 2375 874 2438 quam
894 2377 979 2420 anno
1000 2355 1086 2420 1832
1106 2353 1135 2419 ‘e
1153 2359 1205 2418 ta-

185 2443 311 2507 bulario
336 2441 438 2528 regio'
461 2443 618 2526 pervenit.
661 2441 808 2527 Scriptus
832 2447 894 2527 est,
923 2445 956 2508 id
979 2443 1066 2528 quod
1090 2464 1128 2506 ex
1151 2443 1207 2507 lit-

184 2535 328 2596 terarum
362 2533 619 2615 conscriptarum
654 2552 772 2617 genere
806 2533 922 2616 elucet,
955 2531 1084 2597 saeculo
1115 2529 1205 2598 XIV.
1307 2613 1308 2630 ἦ

186 2623 219 2684 et
238 2621 384 2684 continet
400 2620 490 2685 foliis
514 2621 606 2686 1-9
625 2621 688 2687 hoc
712 2620 917 2705 opusculum,
941 2621 993 2684 cui
1011 2621 1127 2684 titulus
1152 2613 1205 2685 ‘de

184 2711 296 2773 sancta
324 2707 462 2774 Helena'
490 2710 664 2794 inscriptus
693 2715 756 2790 cst3
784 2708 873 2772 foliis
902 2708 922 2772 9
951 2712 984 2773 et
1014 2709 1055 2774 10
1083 2709 1206 2793 legitur

186 2795 358 2862 ‘Coronica
386 2798 568 2881 principum
597 2795 820 2863 Misnensium'
849 2795 936 2862 edita
961 2798 996 2862 in
1017 2797 1206 2864 Menckenii

187 2887 335 2969 scriptor.
358 2907 417 2950 rer.
442 2907 541 2971 germ.
564 2885 613 2951 ΠΙ
636 2909 666 2970 p.
691 2887 765 2950 346.
1025 2951 1028 2960 ,

272 2973 408 3040 Minoris
436 2977 534 3059 pretii
558 2978 608 3040 est
631 2976 713 3040 alter
739 2974 838 3039 codex
867 2975 1087 3040 bibliothecae
1111 2994 1206 3058 gym—

182 3063 267 3128 nasii
296 3063 463 3129 Albertini
489 3064 714 3148 Fribergensis
742 3061 893 3128 Saxonici
924 3062 1084 3129 litteral*
1108 3085 1205 3130 ame

182 3156 316 3218 notatus
337 3153 457 3218 saeculi
476 3152 547 3219 XV.
567 3174 640 3217 cum
659 3153 733 3217 aliis
753 3153 918 3217 codicibus
942 3175 1006 3218 uno
1026 3151 1206 3237 eodemque

184 3242 350 3307 volumine
369 3241 622 3325 comprehensus
644 3241 827 3324 significato
853 3239 911 3306 ‘Ol
930 3240 1002 3306 VII.
1021 3241 1095 3306 Frb.
1117 3241 1207 3309 141³.

180 3329 219 3394 In
255 3331 319 3396 fine
345 3329 441 3394 huius
471 3328 593 3394 codicis
621 3330 720 3394 rubro
748 3329 856 3394 colore
887 3334 1019 3394 exarata
1047 3331 1207 3412 leguntur

181 3418 276 3482 haec:
297 3419 455 3503 ‘Explicit
472 3417 612 3482 historia
631 3414 839 3482 Constantini
858 3417 1065 3502 imperatoris
1083 3417 1207 3484 Roma·

182 3528 300 3572 norum
324 3513 357 3572 et
381 3504 577 3572 Grecorum'.
