2688 4158
519 227 714 292 -3..

106 387 176 454 suis
195 386 238 452 ad
256 409 420 454 recessum
446 410 480 454 se
501 389 708 473 disponentes
729 392 761 454 et
780 393 914 473 accepta
932 391 1065 457 licentia
1084 395 1125 459 ab

105 476 238 560 hospite
262 476 377 543 domus
401 476 441 543 de
458 479 538 543 urbe
557 481 768 544 recesserunt.
812 475 894 544 (lum
914 480 1032 564 quibus
1052 503 1125 548 cum

105 565 256 650 praefata
292 564 419 632 Helena
453 567 601 634 recedere
637 567 751 652 vellet,
787 567 907 651 hospes
940 569 969 632 ei
1001 570 1126 636 furtum

106 655 274 720 cuiusdam
294 677 371 720 suae
384 656 432 720 rei
450 679 547 741 quam
562 655 625 721 sibi
638 655 781 722 furatam
796 657 936 721 asseruit
954 658 1124 742 imponens

77 744 216 829 sipsam
248 765 346 828 quam
379 745 417 809 de
445 767 483 810 ea
509 745 585 830 plus
614 745 687 810 aliis
720 749 905 830 suspectam
936 745 1056 812 habere
1089 770 1124 814 se

106 833 193 898 dixit
218 855 386 918 quousque
414 856 483 898 rern
512 857 603 899 suam
630 838 851 919 recuperaret,
879 835 918 899 de
946 835 1041 902 domo
1065 859 1125 902 sua

106 921 250 987 dimissis
287 923 360 986 aliis
398 924 465 988 suis
498 924 655 988 consociis
686 925 834 989 recedere
865 944 932 989 non
965 925 1123 1009 permisit

108 1009 214 1078 Sociis
241 1032 318 1076 vero
346 1011 415 1076 eius
443 1034 481 1077 ea
509 1034 582 1098 curn
605 1033 725 1098 magno
747 1013 871 1078 eiulatu
896 1013 1052 1079 derelicta
1075 1037 1123 1080 re·

107 1099 296 1165 cedentibus
311 1101 438 1185 cogitur
452 1101 650 1186 paupercula
663 1102 734 1166 sola
747 1123 923 1168 remanere.
947 1102 1124 1170 Recessum

62 1207 91 1246 ιο
105 1210 184 1253 vero
204 1189 366 1254 sociorum
380 1190 570 1273 imperatori
584 1191 733 1255 nuntiato
750 1191 929 1274 imperator
942 1191 1012 1276 ipse
1027 1197 1125 1277 capta

106 1277 353 1362 opportunitate
372 1279 461 1343 venit
480 1278 525 1343 ad,
539 1279 671 1354 domum
689 1279 829 1363 hospitis
847 1301 946 1364 supra
966 1280 1045 1346 dicti
1063 1282 1123 1346 ibi·

106 1385 170 1450 que
189 1366 425 1450 vpauperculam
454 1367 636 1433 solitariam
663 1368 831 1432 inventam
854 1371 1011 1453 tanquam
1034 1370 1123 1435 oanis

106 1543 240 1627 cupiens
255 1544 417 1627 oppressit
432 1543 564 1628 eiusque
582 1543 757 1629 pudicitiae
775 1545 889 1609 florem
911 1566 950 1608 ea
968 1548 1124 1628 quantum

62 1651 89 1692 ιε
104 1632 216 1716 potuit
241 1632 402 1696 renitente
430 1633 568 1698 abstulit
594 1633 763 1699 violenter.
805 1633 988 1717 Imperator
1015 1637 1123 1698 autem

104 1720 237 1805 expleto
261 1742 320 1786 suo
343 1721 520 1788 libidinoso
544 1726 662 1788 conatu
681 1723 814 1807 eiusque
832 1721 1001 1786 desideriis
1026 1722 1122 1787 satia-

102 1813 158 1874 tus
186 1809 299 1876 videns
326 1808 487 1876 Helenam
517 1810 557 1876 de
586 1833 622 1876 re
650 1814 838 1895 perpetrata
865 1832 964 1894 super
990 1810 1123 1877 modum

103 1897 271 1964 dolentem
295 1901 327 1962 et
356 1899 523 1964 turbatam
545 1901 813 1984 amarissimeque
835 1899 968 1964 flentem
991 1921 1029 1965 ac
1052 1903 1122 1964 tan·

102 1988 233 2051 tamin
256 1987 328 2070 ipso
353 1991 427 2052 actu
450 1991 483 2052 et
505 1988 748 2072 posthabuisse
772 1993 804 2053 et
826 1988 946 2053 habere
973 2010 1123 2054 verecun-

61 2095 88 2134 ao
104 2075 194 2140 diam
219 2075 306 2158 cepit
327 2075 491 2160 inquirere
511 2077 699 2142 admirando
717 2077 801 2142 unde
820 2081 853 2142 et
876 2099 959 2161 quae
978 2080 1066 2142 esset
1089 2079 1122 2141 et

104 2165 175 2230 eins
199 2163 405 2229 condiciones
429 2169 463 2230 et
486 2186 588 2251 genus
609 2166 749 2231 sollicite
773 2165 937 2250 indagare.
973 2164 1019 2230 Et
1037 2187 1122 2231 com·

102 2256 198 2337 perto
222 2253 306 2337 quod
328 2252 424 2318 fidem
443 2251 568 2319 Christi
587 2254 709 2320 coleret
731 2253 809 2319 licet
830 2253 901 2337 ipse
925 2255 1121 2340 gentilitatis

103 2345 273 2406 teneretur
295 2363 418 2425 errore,
447 2343 601 2408 misertus
624 2343 687 2407 sibi
710 2342 870 2428 quoddam
895 2347 1122 2411 ornamentum

102 2430 207 2494 mirae
224 2429 439 2514 pretiositatis
455 2453 492 2497 ac
507 2453 585 2496 auro
604 2431 842 2515 pretiosissimo
860 2431 1121 2514 pretiosissimis-

63 2536 89 2577 rc
103 2539 165 2602 que
193 2517 331 2603 gemmis
362 2520 593 2604 compositum,
622 2541 685 2604 quo
716 2519 774 2584 illo
801 2522 947 2602 tempore
976 2519 1038 2584 soli
1060 2519 1120 2584 im·

102 2610 270 2691 peratores
284 2607 319 2672 in
332 2607 477 2673 humeris
492 2609 603 2674 ornari
620 2611 866 2691 consueverunt,
885 2629 959 2672 cum
980 2607 1121 2692 quodam

104 2695 223 2761 annulo
250 2697 502 2781 pretiosissimo,
533 2719 630 2782 quem
656 2697 692 2760 in
724 2718 783 2761 sua
814 2696 967 2782 gestabat
999 2697 1122 2783 dextra,

104 2784 238 2850 donavit
261 2787 295 2848 et
317 2787 460 2851 recessit.
561 2802 563 2807 ·

190 2872 393 2958 Paupercula
421 2879 531 2940 autem
559 2875 703 2940 sentiens
737 2874 775 2939 de
802 2874 965 2958 imperiali
997 2874 1155 2941 semine4

64 2979 90 3018 so
104 2981 137 3025 se
155 2961 341 3045 concepisse
359 2966 487 3028 tantam
506 2964 542 3029 in
560 2986 594 3028 se
611 2963 839 3029 verecundiam
858 2964 1014 3047 concepit,
1034 2964 1120 3048 quod

104 3049 143 3114 ad
165 3049 312 3115 natalem
334 3052 476 3134 patriam
498 3074 664 3138 nunquam
687 3074 722 3118 se
747 3073 952 3117 reversurum
975 3051 1044 3117 fore
1068 3051 1120 3117 de-

104 3139 217 3222 crerit3
245 3137 301 3204 sed
325 3140 366 3204 ad
395 3141 553 3225 quosdam
575 3142 679 3206 bonos
702 3140 851 3206 homines
874 3140 971 3204 fidem
995 3137 1119 3205 Christi
1205 3223 1209 3229 Δ

105 3230 225 3291 secrete
244 3227 387 3293 colentes
407 3229 541 3295 divertit
564 3233 687 3295 etcum
710 3229 790 3313 ipsis
814 3231 848 3293 in
865 3229 945 3293 urbe
968 3228 1120 3294 habitare

174 3443 190 3492 ὅ
208 3438 324 3506 satanae
334 3445 398 3508 post
416 3438 500 3494 deca
513 3441 670 3495 αάᾱονιάωη
688 3445 726 3496 eet
739 3455 778 3494 re.
872 3444 903 3493 11
925 3436 1118 3509 oportunitate

106 3509 179 3563 codd.
254 3515 287 3563 14
306 3510 449 3580 oppressit
466 3511 509 3578 D,
528 3509 651 3581 opressit
668 3510 704 3564 F.

922 3598 958 3653 1*
