2688 4158
519 234 718 298 ..7-

107 395 359 480 praemiserunt.
390 393 574 477 Imperator
593 396 702 458 autem
722 393 890 459 intellecto
910 395 1056 477 ipsorum
1074 396 1129 460 ad-

107 487 211 549 ventu
233 505 289 548 eos
311 482 489 547 honorifice
511 483 635 566 recepit
658 485 692 546 et
714 486 891 548 convocata
911 483 1071 549 nobilium
1095 487 1129 548 et

108 576 303 656 magnatum
326 571 378 636 sui
400 571 529 655 imperii
553 570 761 635 multitudine
781 571 828 636 eis
851 571 1000 636 convivia
1023 576 1055 637 et
1080 594 1128 638 οο-

109 662 197 726 10010
223 660 353 725 infinita
379 660 566 743 praeparari
594 658 761 724 mandavit
785 664 818 724 et
844 659 931 724 feeit.
974 658 1129 744 Sequenti

77 767 189 815 suero
209 749 261 814 die
284 749 378 833 impii
397 751 593 813 mercatores
612 748 819 831 imperatoris
838 749 1057 832 praesentiam
1078 771 1129 814 ao-

110 838 261 904 cedentes
293 838 356 902 sibi
385 837 557 902 oonfietam
591 836 753 902 malitiam
786 859 879 902 suam
911 841 1128 921 exposuerunt

110 927 270 992 dieentes:
303 923 342 992 Ὁ
369 925 562 1009 imperator,
593 925 742 990 dominus
770 929 881 990 noster
907 925 1129 991 Romanorum

108 1016 290 1098 imperator
321 1015 442 1079 nostris
476 1014 649 1098 praecipue
682 1019 715 1078 et
748 1013 886 1079 aliorum
917 1015 1047 1099 imperii
1078 1015 1129 1079 sui

109 1104 271 1185 fidelium,
299 1103 355 1188 qui
381 1124 495 1187 paoem
524 1103 665 1187 diligunt
693 1124 730 1168 ao
759 1106 882 1167 terram
905 1107 938 1168 et
959 1103 1129 1168 hominum

66 1210 95 1249 10
111 1192 283 1258 commoda
304 1196 554 1276 prosequuntur,
573 1191 716 1256 consiliis
735 1191 865 1256 illectus
885 1196 917 1257 et
931 1193 1036 1256 vietus
1050 1191 1128 1256 fina-

110 1281 189 1346 liter
206 1281 319 1346 multis
343 1280 495 1364 precibus
514 1280 683 1346 nobiseum
705 1301 820 1363 paoem
843 1280 949 1345 facere
970 1280 1129 1364 cogitavit

110 1375 145 1434 et
168 1374 206 1435 ut
228 1372 386 1453 perpetuo
409 1369 527 1435 robore
551 1369 707 1433 solidetur
728 1368 832 1432 filium
856 1389 949 1433 suum
969 1366 1128 1433 Constan-

108 1460 218 1522 tinum
243 1458 332 1522 filiae
359 1461 486 1522 vestrae
509 1457 624 1521 unicae
651 1457 687 1521 in
709 1457 953 1521 matrimonium
978 1457 1129 1540 copulare

110 1547 275 1631 disposuit
293 1551 326 1610 et
343 1550 381 1612 ut
402 1547 468 1629 ipsi
489 1547 612 1630 pariter
631 1545 740 1629 vobis,
763 1566 835 1609 eum
854 1544 1005 1608 heredem
1028 1545 1128 1608 alium

68 1653 95 1693 1⁵
109 1657 178 1701 non
208 1635 373 1720 habeatis,
404 1635 439 1699 in
467 1633 663 1699 Graecorum
692 1637 724 1698 et
751 1633 815 1698 sibi
842 1633 877 1698 in
906 1631 1128 1697 Romanorum

109 1724 259 1808 imperiis
274 1723 443 1789 suooedere
462 1723 588 1807 possint
606 1726 682 1806 post
696 1725 835 1787 mortem
850 1725 992 1786 vestram
1006 1730 1129 1786 vestro-

109 1834 248 1897 rumque
272 1818 305 1879 et
327 1814 398 1896 ipse
422 1809 656 1877 Constantinus
679 1833 752 1876 oum
776 1811 912 1896 ooniuge
938 1832 997 1875 sua
1019 1813 1129 1875 vestra

109 1902 182 1966 filia
209 1902 379 1986 utriusque
406 1901 536 1985 imperii
563 1900 739 1965 monarcha
765 1900 825 1965 fiat
853 1903 886 1964 et
912 1899 976 1964 toti
1000 1899 1128 1964 saeculo

111 1989 318 2056 dominetur'.

67 2098 96 2137 20
201 2079 383 2164 Imperator
396 2100 473 2143 vero
492 2078 533 2143 de
553 2099 588 2142 ro
606 2081 674 2141 tam
692 2077 809 2162 grandi
824 2077 1024 2162 stupefactus
1042 2076 1128 2140 inter
1141 2071 1182 2136 10

111 2191 146 2234 00
170 2169 314 2253 cogitare
337 2167 445 2251 eoepit
472 2166 610 2251 qualiter
634 2167 675 2230 ad
701 2166 886 2232 huiusmodi
909 2165 1127 2248 responderet.

110 2256 259 2322 Tandem
283 2255 468 2321 convocatis
496 2255 697 2339 principibus
721 2255 788 2319 suis
812 2260 845 2320 et
867 2254 1032 2319 nobilibus
1056 2275 1128 2318 oum

111 2348 159 2410 010
183 2367 280 2429 super
302 2344 354 2410 1010
378 2344 597 2409 ministerium
625 2343 753 2408 consilii
776 2343 827 2407 sui
854 2343 971 2407 habuit
994 2342 1128 2406 011100-

111 2436 189 2499 liter
211 2433 403 2499 deliberatio
423 2433 568 2498 omnium
590 2432 626 2495 in
648 2431 711 2495 hoo
730 2431 850 2496 resedit
869 2430 956 2514 quod
979 2430 1049 2512 ipse
1069 2431 1128 2493 im·

69 2541 97 2580 2⁶
111 2525 244 2608 perator
267 2521 465 2587 Graecorum
489 2520 623 2585 attentis
646 2523 821 2603 perpetuae
841 2519 931 2601 pacis
950 2517 1128 2582 commodis

111 2616 264 2695 prompte
286 2611 407 2676 1000001
430 2609 516 2695 quod
540 2609 604 2674 sibi
627 2607 707 2672 adeo
726 2606 905 2672 liberaliter
924 2605 1129 2672 offerebatur.

111 2701 174 2765 His
197 2701 338 2784 peractis
362 2700 541 2783 imperator
563 2696 688 2762 voeatis
708 2696 748 2760 ad
768 2717 802 2760 se
826 2695 920 2760 dietis
940 2696 1129 2760 mereatori-

111 2791 172 2854 bus
196 2788 280 2854 dixit
303 2789 364 2853 eis:
392 2787 524 2853 ‘Omnia
547 2808 628 2871 quae
650 2786 830 2869 imperator
852 2784 1018 2850 Romanus
1043 2785 1128 2870 eogi-

112 2879 195 2943 tavit
223 2877 352 2961 explere
378 2877 470 2942 iuxta
497 2875 689 2940 relationem
717 2878 862 2939 vestram
884 2874 993 2958 parati
1016 2895 1127 2938 sumus

72 2983 99 3024 ³0
113 2971 145 3031 et
173 2966 214 3030 ad
241 2969 432 3049 perpetuam
459 2985 573 3049 paoem
596 2985 705 3029 seeum
735 2962 917 3028 faciendam
941 2965 974 3026 et
997 2983 1128 3027 servan-

113 3055 188 3119 dam
210 3054 313 3118 filiam
331 3057 478 3118 nostram
502 3053 629 3117 unioam
652 3052 720 3116 filio
745 3073 802 3116 suo
823 3048 1038 3116 Constantino
1062 3071 1129 3114 ma·

112 3143 344 3209 trimonialiter
362 3142 514 3226 copulare
533 3142 682 3205 volumus
707 3140 748 3205 ad
772 3161 899 3205 omnem
924 3139 1072 3203 effoetum
1092 3141 1129 3201 ut

184 3377 201 3426 4
219 3368 382 3440 praeparari
396 3385 445 3424 om.
461 3368 497 3423 F.
570 3374 603 3422 21
620 3367 656 3422 ad
671 3365 834 3421 huiusmodi
851 3367 922 3420 idem
939 3364 1078 3434 eipnifioat
1096 3379 1130 3418 ao

113 3442 150 3494 ad
167 3439 331 3504 huiusmodi
352 3455 411 3507 res;
434 3439 596 3495 vocobulum
619 3455 663 3492 res
683 3445 747 3510 post
768 3439 834 3493 haee
851 3439 914 3506 ipsa
932 3436 1014 3492 verbu
1031 3436 1063 3490 ia
1080 3435 1130 3490 hoc

113 3514 202 3570 libello
221 3514 312 3568 omitti
328 3513 401 3567 solet.
474 3517 508 3565 23
528 3509 583 3564 hiis
603 3511 679 3565 codd.
