2688 4158
594 221 814 284 ,28-

144 378 188 444 43
287 378 439 465 Receptis
470 383 579 445 autem
606 379 658 444 his
685 378 779 443 novis
806 378 985 461 imperator
1015 375 1220 446 Graecorum

198 472 232 533 et
252 469 443 553 imperatrix
466 469 501 533 in
522 472 651 534 tantam
673 470 890 551 proruperunt
907 465 1030 532 doloris
1054 471 1087 532 et
1110 472 1220 553 gemi-

197 562 251 622 tus
265 558 511 641 vehementiam,
530 557 617 641 quod
630 556 824 621 videbantur
843 557 935 620 extra
952 557 1095 620 mentem
1112 560 1219 641 positi

198 650 284 711 etse
302 648 392 730 ipsos
410 646 496 711 velle
514 644 670 729 iugulare.
702 642 794 719 Quod
812 644 959 709 videntes
976 644 1218 712 ambasiatores

198 738 232 798 et
266 735 374 800 nuntii
412 735 514 818 ipsius
551 733 759 816 imperatoris
795 732 935 797 Romani
971 732 1123 799 dixemnt
1159 736 1246 800 iis:⁵

198 821 322 888 ‘Nolite
341 822 541 905 contristari,
562 821 666 886 nolite
685 822 796 905 itaque
814 819 934 904 facer03
958 820 1107 887 dominus
1127 824 1217 888 enim

198 912 375 994 imperator
403 909 638 993 Romanorum,
669 909 844 974 secundum
872 910 957 993 quod
986 931 1078 974 suam
1107 912 1218 976 decuit

198 999 413 1079 maiestatem,
436 999 550 1062 nolens
568 1001 637 1063 tam
657 1017 849 1082 generosam
873 998 1047 1082 dominam,
1070 1006 1217 1066 vestrm

198 1087 314 1166 filiam,
337 1086 407 1152 fore
430 1091 499 1152 tam
523 1086 753 1152 miserabiliter
771 1087 951 1172 seductam,
974 1107 1050 1150 mox
1073 1089 1217 1154 veritate

200 1196 296 1259 super
318 1175 504 1241 huiusmodi
528 1177 693 1258 comperta
716 1171 966 1239 Constantinum
988 1175 1094 1240 filium
1119 1199 1217 1242 suum
1231 1196 1260 1236 10

199 1268 233 1328 et
254 1267 398 1329 vestram
426 1265 529 1328 filiam
553 1264 622 1328 eius
649 1284 782 1328 uxorem
806 1285 882 1328 suos
905 1263 1050 1328 instituit
1078 1265 1216 1330 heredes

200 1355 233 1418 et
263 1351 404 1419 Romam
435 1353 566 1437 imperii
597 1372 807 1417 successores.
848 1351 894 1416 Et
925 1351 1008 1435 volt,
1040 1353 1069 1416 si
1095 1355 1218 1440 placet,

199 1442 321 1525 omnia,
350 1464 432 1528 quac
460 1463 519 1526 per
545 1441 729 1525 praedictos
752 1443 962 1524 mercatores,
985 1441 1063 1505 licet
1086 1442 1217 1528 callide,

198 1534 341 1596 tractata
353 1531 491 1609 fuerant,
504 1530 673 1595 vobiscum
687 1529 835 1594 totaliter
847 1550 1073 1594 consummare
1086 1552 1217 1614 pacem-

145 1641 261 1767 Ν
283 1617 792 1789 teturtttlllplttr
813 1621 1011 1771 tetur
1044 1729 1110 1770 aa
1141 1729 1217 1774 am
1232 1638 1259 1678 ¹⁵

199 1795 404 1878 imperatrice
434 1794 474 1858 ad
498 1815 533 1858 aa
555 1795 677 1858 reversi
704 1815 783 1878 prae
808 1795 926 1878 gaudio
949 1794 1121 1860 lacrimare
1145 1819 1218 1862 coe-

198 1885 316 1967 perunt
338 1883 497 1947 dicentes:
529 1881 642 1949 ‘Vivat
659 1883 837 1967 imperator
857 1881 1081 1948 Romanorum
1100 1888 1134 1950 et
1156 1887 1218 1950 im·

200 1975 293 2056 peret
320 1971 354 2036 in
381 1971 548 2055 praesenti
577 1972 706 2037 saeculo
738 1971 878 2036 feliciter
907 1975 939 2035 et
970 1976 1047 2055 post
1074 1977 1218 2039 mortem

200 2081 272 2125 cum
295 2060 357 2124 diis
385 2060 579 2124 sublimibus
604 2065 768 2125 aeternam
790 2081 850 2143 pro
874 2081 933 2124 sua
955 2061 1092 2145 pietate,
1117 2084 1217 2146 quam
1232 2081 1259 2121 eo

200 2148 285 2213 circa
315 2169 376 2213 nos
408 2155 441 2214 et
472 2152 619 2214 nostram
650 2149 753 2213 filiam
784 2148 913 2213 unicam
948 2147 1041 2233 facit,
1077 2151 1219 2235 recipiat
1322 2171 1323 2204 l

199 2236 339 2322 gloriam
369 2240 402 2300 et
427 2236 594 2302 honorem.
634 2236 679 2301 Et
705 2258 765 2302 nos
793 2237 863 2302 rice
889 2257 986 2301 versa
1014 2259 1123 2303 secum
1152 2261 1219 2306 nou
1322 2241 1323 2266 ³

199 2326 305 2390 solum
332 2347 445 2410 pacem
471 2325 577 2390 facere
605 2329 637 2390 at
661 2347 790 2392 servare
817 2325 981 2409 volumus,
1009 2326 1064 2390 sed
1088 2327 1122 2391 in
1145 2350 1218 2413 pcr-
1322 2381 1323 2404 ,

198 2419 333 2498 potuum
363 2415 404 2481 ab
432 2415 501 2480 eius
529 2414 674 2480 amicitia
702 2417 736 2479 et
763 2435 872 2479 amore
899 2414 1051 2479 nolumus
1080 2421 1219 2501 propter
1322 2431 1323 2436 ’

200 2524 434 2588 quamcumque
461 2526 531 2568 rem
559 2503 671 2568 mundi
699 2503 852 2587 separari.
893 2501 939 2566 Et
962 2523 1001 2566 ax
1023 2525 1110 2569 nunc
1134 2503 1218 2570 (lon-
1232 2520 1259 2562 2⁵
1322 2579 1323 2590 χ

201 2593 380 2656 stantinnm
400 2593 469 2657 eius
492 2592 598 2656 filium
616 2594 765 2656 nostrum
788 2589 940 2655 heredem
959 2591 1164 2659 instituimus
1184 2598 1219 2658 et
1322 2615 1323 2634 ¹

199 2678 235 2742 iu
260 2678 458 2745 Graecorum
481 2681 618 2764 imperio
642 2679 778 2744 facimus
803 2678 1043 2744 successorem'.

146 2781 189 2846 45
289 2767 359 2844 Quo
384 2767 495 2832 audito
520 2770 560 2844 at
575 2768 663 2833 facto
688 2767 925 2833 ambasiaeores
949 2765 1135 2834 Constantii
1157 2771 1216 2835 im·
1322 2791 1323 2854 ᾗ

199 2856 361 2940 paratoria
384 2856 547 2920 dixeramt:
580 2853 730 2920 ‘Domine
753 2856 947 2940 imperator,
969 2857 1099 2940 placeat
1120 2860 1216 2924 vobis

199 2945 326 3029 legatos
354 2947 480 3008 vestros
512 2947 545 3008 et
567 2944 698 3008 nuntios
722 2943 891 3008 nobiscum
915 2945 955 3009 ad
978 2944 1118 3011 Romam
1142 2969 1216 3013 curn
1231 2963 1259 3002 ⁸0

198 3034 294 3117 pleno
322 3032 476 3097 mandato
505 3032 636 3097 mittere
668 3031 707 3096 ad
735 3031 845 3097 omnia
873 3033 937 3097 ista
963 3035 1161 3116 perficienda
1185 3040 1219 3100 et
1322 3091 1323 3100 ,

200 3121 239 3186 ad
259 3121 479 3205 recipiendum
497 3120 558 3185 hoo
576 3120 662 3185 idem
677 3143 697 3186 a
711 3120 842 3186 domino
861 3125 973 3186 nostro
994 3120 1217 3190 Rornanorum
1322 3157 1323 3180 κ

272 3284 286 3332 1
305 3277 361 3331 hiis
381 3279 457 3333 codd.
547 3283 563 3332 2
582 3279 770 3348 proruperunt
788 3278 829 3344 F,
847 3280 1071 3347 prorupevernnt
1088 3278 1126 3334 D.
1201 3285 1217 3334 ὅ

199 3347 312 3402 nnnccii
331 3349 407 3403 codd.
481 3348 520 3404 eis
538 3348 581 3416 D,
599 3349 658 3402 illis
677 3349 713 3404 F.
797 3349 894 3402 9fore
913 3365 961 3404 om.
983 3349 1019 3404 F.
1104 3351 1219 3404 revolt

200 3420 277 3474 codd.
343 3425 376 3474 14
392 3434 554 3475 consumare
569 3423 655 3488 codd„
671 3435 861 3474 consummare
876 3422 989 3475 correxi.
1056 3426 1089 3474 21
1104 3420 1218 3476 unicam

199 3505 250 3545 om.
270 3489 307 3544 F.
380 3497 414 3547 29
433 3493 530 3561 placet
547 3492 583 3546 F.
657 3497 692 3547 30
709 3489 843 3544 nunccios
862 3492 938 3546 codd.
