2688 4158
527 216 743 282 „23-

123 375 317 442 licatissime
348 375 551 442 manducare.
595 375 779 461 Imperator
811 397 887 442 vero
920 399 988 442 rem
1021 379 1141 443 tacitus

125 465 335 530 considerans
350 463 509 530 Helenam
523 468 600 548 post
613 487 759 530 mensam
774 465 814 531 ad
828 487 862 530 se
876 467 1005 531 vocavit
1018 466 1141 532 dicens:

125 553 353 637 ‘Nequaquam
381 553 431 618 ita
458 557 508 618 est
535 553 574 618 de
601 553 669 619 filio
698 558 753 619 tuo
782 558 816 619 et
842 575 941 619 uxore
964 555 1034 620 eius
1058 556 1143 620 siout

124 642 252 724 dixisti,
281 645 313 707 et
344 642 410 706 nisi
440 642 536 707 nobis
563 642 602 707 de
629 641 815 708 huiusmodi
842 642 930 708 dieas
962 643 1143 728 veritatem,

93 730 329 814 oimperialem
352 729 558 796 maiestatem
576 734 610 794 te
630 731 713 796 scias
733 731 877 815 graviter
900 731 1061 796 offendere
1083 753 1142 797 nec

125 818 271 884 debitam
302 821 336 883 te
366 819 497 884 noveris
530 818 666 884 evadere
696 841 793 903 posse
824 818 1005 886 ultionem'.
1050 819 1142 896 Quod

125 903 262 972 audiens
276 905 403 972 Helena
416 906 511 974 dixit:
530 905 680 972 ‘Domine
695 908 886 992 imperator:
906 929 945 973 ex
959 930 1022 992 quo
1037 908 1141 973 modis

125 995 280 1061 omnibus
309 996 390 1060 scire
418 995 516 1061 voltis
543 995 639 1061 huius
667 997 714 1060 rei
741 995 927 1081 veritatem,
955 996 1038 1063 detis
1062 997 1143 1062 mihi

124 1083 271 1148 indutias
295 1083 438 1149 modicas
463 1088 495 1149 et
518 1105 578 1169 ego
598 1105 728 1149 reversa
746 1106 820 1150 cum
838 1085 906 1151 filio
926 1107 999 1150 meo
1023 1089 1056 1150 et
1074 1085 1144 1150 filia

81 1189 111 1228 10
126 1173 234 1237 dicam
266 1170 382 1238 vobis'.
425 1171 611 1257 Imperator
645 1194 721 1238 vero
750 1194 784 1237 se
816 1174 850 1236 in
881 1174 945 1239 hoc
977 1174 1143 1240 difficilem

124 1260 278 1345 reddens,
301 1261 358 1326 sed
376 1261 481 1326 vietus
499 1261 630 1327 tandem
649 1261 718 1326 eius
742 1262 891 1346 precibus
912 1263 998 1327 diem
1022 1267 1143 1328 certam

124 1349 282 1414 redeundi
305 1353 338 1414 et
359 1349 539 1434 praemissa
560 1349 686 1414 dicendi
711 1350 775 1415 sibi
799 1350 988 1434 assignavit.

216 1436 279 1502 Die
293 1459 368 1502 vero
384 1441 510 1503 statuta
523 1438 713 1503 adveniente
727 1437 854 1502 Helena
868 1438 1032 1522 annulum,
1047 1436 1197 1523 quamdi

126 1526 192 1592 sibi
215 1527 395 1610 impensior
417 1527 452 1590 in
475 1526 685 1594 defloratione
705 1549 764 1592 sua
782 1529 819 1591 nt
840 1525 986 1609 praedixi
1003 1526 1145 1611 dederat,

83 1631 112 1672 1⁵
127 1637 194 1680 una
221 1637 295 1680 cum
322 1615 527 1681 nobilissimo
556 1615 719 1699 imperiali
750 1615 911 1680 humerali
943 1619 1145 1698 ornamento,

127 1726 210 1789 quas
237 1725 289 1768 res
316 1703 482 1787 praedicta
510 1702 638 1770 Helena
665 1726 767 1788 usque
794 1703 829 1768 in
857 1704 963 1787 ipsam
987 1703 1073 1768 diem
1096 1703 1145 1768 ita
1202 1770 1204 1774 .

128 1792 363 1876 occultaverat,
387 1793 471 1876 quod
489 1792 574 1857 nulli
592 1793 716 1860 viventi
740 1792 779 1857 de
797 1792 859 1860 hoe
880 1793 1055 1878 quidquam
1073 1813 1146 1858 oon-

128 1881 217 1946 stitit
239 1902 299 1946 neo
321 1881 507 1965 constabat,
530 1881 616 1964 apud
639 1903 674 1948 se
698 1885 818 1946 secrete
842 1881 1000 1966 recipiens
1025 1880 1065 1945 ad
1088 1881 1147 1945 im·

127 1973 314 2053 peratorem
342 1991 407 2034 una
435 1991 509 2034 cum
536 1969 605 2035 filio
634 1992 692 2035 sno
721 1973 753 2034 et
779 1970 849 2035 filia
872 1991 1001 2036 reversa
1025 1968 1089 2035 fuit
1112 1972 1146 2034 et

86 2074 114 2114 20
129 2063 222 2124 stans
246 2058 281 2122 in
302 2058 407 2141 ipsius
429 2058 615 2142 praesentia
634 2059 718 2123 dixit
736 2059 799 2123 sibi
819 2058 1044 2143 supplicando:
1069 2056 1146 2123 ‘Do-

128 2147 220 2212 mine
237 2147 430 2230 imperator,
447 2167 543 2231 rogo,
561 2151 599 2211 ut
618 2169 728 2212 amore
746 2147 799 2212 dei
816 2147 852 2211 in
869 2146 931 2231 his,
951 2169 1033 2231 quae
1052 2145 1145 2212 vobin

129 2235 212 2319 dixi,
244 2236 391 2301 contenti
419 2236 492 2302 sitis
519 2241 552 2300 et
580 2257 632 2300 me
659 2235 700 2300 ad
727 2235 884 2300 ulteriora
916 2234 1051 2300 dicenda
1079 2255 1147 2299 non
1189 2253 1192 2257 ·

129 2321 278 2408 cogatis'.
328 2323 529 2408 Imperatore
562 2328 672 2390 autem
703 2323 766 2388 hoc
797 2323 905 2388 facere
935 2324 1067 2406 penitus
1099 2345 1147 2387 re-

130 2415 266 2477 cusante
299 2416 332 2476 et
363 2411 405 2477 ad
437 2412 621 2495 dicendum,
654 2411 795 2496 qualiter
827 2415 914 2476 esset
945 2411 985 2474 de
1017 2410 1085 2475 filio
1113 2415 1147 2476 et

89 2515 115 2556 25
131 2501 213 2581 filia,
241 2500 348 2583 ipsam
376 2501 473 2566 minis
497 2505 529 2566 et
556 2501 735 2566 terroribus
763 2502 931 2564 coartante
960 2498 1042 2564 dixit
1070 2499 1147 2564 sibi:
1247 2550 1249 2554 .

130 2589 296 2673 ‘Domine,
333 2589 362 2654 si
398 2589 508 2656 dixero
543 2588 637 2653 vobis
668 2588 854 2666 veritatem,
890 2608 958 2652 non
994 2587 1146 2671 credetis;

129 2700 243 2743 verum
265 2680 389 2761 tamen,
413 2700 451 2743 ex
475 2700 538 2762 quo
561 2676 682 2742 habere
705 2699 772 2742 nou
790 2675 888 2742 voltis
908 2697 960 2741 me
979 2675 1018 2741 de
1036 2676 1147 2741 huius·

130 2765 220 2831 modi
253 2766 494 2851 subportatam,
524 2769 653 2832 vestrae
681 2765 814 2831 notifico
848 2765 1026 2850 maiestati,
1060 2764 1147 2849 quod

130 2857 193 2919 iste
217 2851 464 2938 Constantinus,
493 2855 580 2920 filius
604 2877 708 2938 meus,
736 2857 788 2920 est
809 2854 898 2919 filins
920 2858 1037 2920 vester.
1073 2853 1146 2938 Ego

92 2944 239 3026 ³⁰ipsum
271 2943 310 3008 de
346 2944 439 3010 vobis
476 2944 616 3027 suscepi,
652 2944 709 3027 qui
741 2964 792 3007 me
828 2944 1059 3027 pauperculam
1092 2963 1147 3025 op-

152 3030 317 3097 ressistis'.

129 3054 150 3115 p
219 3118 265 3184 Et
286 3120 445 3205 incipiens
465 3121 572 3204 coepit
595 3120 658 3186 sibi
681 3142 814 3186 narrare
836 3121 941 3185 totam
962 3119 1078 3184 seriem
1096 3118 1144 3182 rei
1155 3113 1197 3179 38

131 3211 258 3292 gestae,
282 3209 367 3273 sicut
389 3209 424 3272 in
445 3209 605 3293 principio
628 3209 808 3293 praesentis
833 3208 980 3291 opusculi
1004 3207 1147 3272 contine-

204 3354 219 3403 7
239 3346 358 3404 Domine
378 3363 427 3404 om.
443 3346 479 3402 F.
552 3353 568 3402 8
583 3346 670 3402 voltis
684 3347 727 3416 D,
747 3346 824 3400 wttis
842 3345 878 3400 F.
951 3350 985 3398 21
1000 3342 1056 3397 hiis
1071 3344 1147 3399 codd.

132 3416 265 3558 ipisesoll'is
284 3420 375 3486 codd,
394 3417 456 3471 sitis
475 3419 589 3474 correxi.
662 3425 697 3473 27
721 3417 807 3472 voltis
825 3418 901 3474 codd.
984 3421 1017 3470 29
1036 3414 1090 3470 iste
1108 3414 1148 3481 D,
