2688 4158
618 231 833 295 ..16-

219 394 255 458 in
286 391 394 457 insula
426 391 636 476 dormientes3
667 389 732 474 ipsi
763 411 823 455 nos
855 409 920 454 une
952 410 1024 453 cum
1057 386 1098 452 iis
1133 409 1242 453 naves

219 483 360 546 intrasse
383 480 522 546 fortasse
546 479 711 545 credentes
730 479 826 544 nobis
848 477 902 543 hic
925 475 1164 543 dormientibus
1188 499 1242 541 re·

219 571 304 636 lictis
326 567 549 635 recesserunt’.

165 653 210 719 25
308 656 358 723 De
389 657 533 722 tentorio
566 677 706 740 quoque,
737 655 773 720 in
804 677 868 740 quo
900 655 962 738 ipsi
995 656 1150 740 coniuges
1177 677 1242 739 per

220 750 351 832 noctem
382 746 593 826 dormierant,
626 765 664 808 ac
696 765 806 809 eorum
839 743 996 809 universis
1028 744 1276 809 lectisterniiss

223 836 346 921 capetis
374 837 408 898 et
435 834 647 917 apparatibus
675 832 828 916 pretiosis
856 836 890 898 ct
915 832 1081 896 nobilibus
1111 833 1242 897 nullam
1333 863 1334 904 i

222 925 354 1010 penitus
377 922 573 986 mentionem
591 921 696 986 facere
715 921 787 986 ausi
804 921 934 985 fuerunt
955 920 1119 1005 timentes,
1142 923 1241 1005 quod,
1333 967 1334 970 κ

223 1013 252 1078 si
274 1010 424 1075 homines
447 1010 497 1074 illi
519 1031 571 1074 ree
593 1009 779 1075 huiusmodi
803 1019 836 1074 et
859 1031 971 1076 earum
997 1009 1240 1093 pretiositatem

222 1100 383 1179 viderent,
418 1120 488 1163 rem
521 1099 569 1163 ita
601 1119 672 1164 esse
704 1099 788 1163 sicut
820 1098 1015 1164 rettulerant
1049 1098 1240 1164 nullatenus

224 1187 447 1252 existimantes
471 1186 509 1250 de
535 1187 575 1252 iis
598 1187 737 1252 fortasse
756 1187 853 1252 aliter
871 1187 1016 1251 fecerent
1033 1209 1133 1271 quam
1157 1187 1240 1270 ipsis
1258 1209 1288 1248 ro

223 1281 257 1342 et
283 1275 421 1340 utilitati
449 1296 560 1340 eorum
583 1275 782 1360 conveniret3
811 1298 947 1360 quorum
970 1276 1087 1340 timore
1111 1276 1179 1359 ipsi
1201 1276 1241 1340 de

222 1362 397 1448 praedictis
419 1363 630 1428 lectisterniis
653 1371 687 1428 et
713 1365 810 1428 rebus
835 1363 1024 1447 simpliciter
1048 1367 1082 1428 et
1105 1364 1240 1430 omnino

221 1457 395 1518 tacuerunt
418 1456 451 1517 et
474 1473 529 1517 eas
551 1453 684 1537 perdere
703 1457 736 1517 et
758 1451 805 1517 ibi
824 1452 988 1517 dimittere
1007 1453 1117 1536 potius
1141 1474 1240 1537 qnam

221 1541 388 1627 periculis,
416 1563 497 1626 quae
522 1541 724 1625 expeditione
750 1542 895 1625 ipsarum
918 1541 1046 1606 evenire
1069 1541 1241 1625 timebant,
1333 1575 1334 1634 3

222 1653 257 1696 se
289 1630 480 1696 submittere
513 1629 730 1694 decreverunt.
780 1628 937 1695 Homines
971 1633 1081 1695 eutem
1116 1629 1169 1695 illi
1207 1635 1241 1696 et
1256 1649 1286 1691 15

221 1720 353 1783 navium
378 1717 551 1783 eorundem
574 1718 705 1801 patroni
728 1717 875 1783 videntes
903 1718 992 1802 ipsos
1015 1722 1085 1783 tam
1106 1717 1242 1785 iuvenes
1333 1723 1334 1740 ¹

223 1811 258 1872 et
279 1806 464 1890 praeclaros
487 1827 547 1871 nec
570 1805 735 1872 credentes
755 1827 810 1871 cos
834 1806 966 1890 aliquod
989 1806 1141 1872 fictitium
1165 1829 1242 1873 con·

131 1909 140 1926 ⁸
222 1896 344 1979 fingere
363 1894 444 1958 scire
464 1895 520 1958 scd
538 1917 607 1959 rem
630 1894 678 1959 ita
696 1916 766 1960 esee
786 1895 871 1960 siout
892 1896 1087 1960 rettulerant
1105 1897 1242 1962 omnino

224 1983 437 2048 aestimantes
457 1982 560 2048 dictos
576 1983 730 2068 coniuges
745 1983 966 2048 misericordia
980 1985 1062 2048 moti
1082 1983 1121 2047 ad
1141 2007 1241 2050 naves

224 2093 299 2138 suas
328 2071 540 2154 suscipientes
568 2093 669 2156 usque
698 2072 738 2136 ed
769 2076 900 2157 portum
930 2072 1167 2158 Romanorum,
1199 2075 1242 2139 ad
1255 2093 1284 2133 ao

224 2182 320 2245 quem
343 2163 413 2224 tum
438 2159 520 2224 alias
543 2161 622 2226 ituri
647 2165 752 2245 erant,
776 2181 885 2226 secum
907 2162 1133 2244 perduxerunt

169 2245 213 2310 26
313 2246 395 2314 Cum
410 2251 517 2312 autem
532 2249 571 2314 ad
586 2247 724 2314 Romam
738 2249 971 2332 pervenissent,
991 2250 1095 2334 gavisi
1109 2250 1242 2315 fuerunt

224 2337 342 2422 gaudio
371 2358 490 2422 magno
518 2335 612 2402 valde
637 2341 669 2402 et
697 2337 792 2403 deum
819 2338 854 2406 in
876 2338 1028 2404 cordibus
1053 2338 1119 2403 suis
1145 2339 1243 2404 bene·
1332 2367 1333 2413 i

223 2427 365 2492 dicentes
384 2426 547 2492 dixerunt:
572 2425 733 2509 ‘Domina
753 2426 830 2490 deus
850 2428 1067 2511 omnipotens,
1086 2427 1143 2511 qui
1160 2449 1241 2493 nun·

224 2537 321 2600 quam
348 2515 468 2580 deseris
499 2519 667 2600 sperantes
691 2515 794 2598 inte,
822 2515 884 2580 tibi
913 2517 1035 2600 gratias
1059 2516 1241 2600 referimus,
1255 2535 1281 2575 25

224 2606 280 2688 qni
302 2626 362 2670 nos
386 2604 425 2668 de
449 2609 555 2670 morte
577 2604 617 2668 ad
640 2605 755 2687 vitam,
778 2602 817 2667 de
835 2604 988 2688 periculis
1011 2604 1240 2689 novigentium
1331 2649 1332 2680 r

224 2692 265 2756 ad
288 2692 455 2756 felicitatis
479 2697 623 2775 portum,
651 2693 690 2757 de
718 2692 925 2756 damnatione
949 2693 1098 2756 adriam
1122 2693 1239 2758 salutis
1331 2697 1332 2779 l

224 2780 412 2864 perduxisti.
450 2779 529 2855 Quis
549 2781 636 2845 enim
653 2802 808 2864 umquam
828 2779 971 2863 speravit
988 2781 1023 2845 in
1042 2785 1088 2863 te,
1108 2781 1240 2865 quispe

225 2890 283 2932 sua
305 2868 461 2932 frustrata
484 2871 630 2952 optatum
654 2890 719 2934 non
743 2869 949 2951 consequitur
966 2869 1151 2934 intentum?
1189 2869 1240 2935 De

224 2957 290 3022 isto
313 2976 372 3021 nec
390 2956 499 3039 aliqua
516 2957 750 3042 scripturarum
768 2959 879 3020 narrat
896 2956 1035 3022 historia
1055 2979 1114 3021 nec
1133 2957 1238 3024 cuius·
1252 2977 1278 3016 ³⁰
1330 2993 1331 3020 r

226 3065 350 3130 cunque
373 3045 514 3110 viventis
537 3047 676 3112 refertur
700 3067 771 3110 esse
794 3044 970 3109 memoria'.
1014 3045 1060 3109 Et
1083 3067 1155 3110 cnm
1178 3047 1242 3131 ipsi
1329 3029 1331 3148 l

226 3134 266 3199 ad
285 3136 416 3218 portum
434 3137 471 3198 ut
489 3135 633 3219 praedixi
653 3133 900 3220 applicuissent,
923 3138 1076 3198 exeuntes
1095 3134 1135 3199 de
1153 3135 1241 3200 navi·

225 3223 287 3287 bus
312 3225 345 3286 et
369 3223 476 3288 soluto
499 3225 597 3289 naulo
621 3224 688 3288 suis
713 3244 785 3287 cnm
809 3222 989 3306 gratiarum
1009 3223 1136 3287 actione¹
1156 3224 1242 3288 vale

226 3310 376 3375 dixerunt
403 3313 560 3395 patronis.
604 3313 650 3377 Et
680 3310 819 3396 ingrcssi
851 3311 965 3376 urbem
992 3311 1130 3376 Romam
1159 3309 1242 3377 Con·

298 3509 331 3558 27
351 3504 551 3574 dampnatione
571 3504 646 3558 codd.
