2688 4158
501 267 717 332 -25-

96 447 159 490 sua
191 425 328 511 coniuge
363 432 544 511 praesente.
570 449 684 492 sanum
717 449 789 492 cum
820 425 939 511 gaudio
978 428 1113 512 suscepi.

96 512 162 580 Sed
185 515 341 580 detenta
364 517 501 603 coniuge
525 517 707 600 stupefacta
734 515 939 580 decreveram
960 516 1026 580 iam
1048 539 1114 582 una

97 624 172 668 cum
204 602 335 688 iisdem,
373 605 473 689 quod,
503 604 569 670 nisi
599 605 716 670 fuisset
747 604 936 670 mandatum
968 608 1114 670 restrum

96 696 168 756 tam
192 692 311 758 seriose
333 692 416 758 mihi
437 693 574 778 factum,
596 715 763 778 nunquam
781 693 881 758 alicui
898 693 1022 758 viventi
1043 693 1113 758 eius

67 780 320 845 scondioionem
344 786 377 847 εὴ
400 785 550 846 eventum
573 783 622 846 rei
644 782 812 867 dixissem,
839 780 895 848 sed
918 781 954 844 in
976 803 1112 865 pauper·

96 873 167 933 tate
187 869 276 933 etde
293 870 462 935 laboribus
479 891 634 935 manuum
652 891 797 935 mearum
815 871 939 935 victum
958 891 1112 954 quaerere

97 957 313 1041 cogitavimus
338 958 379 1024 ad
401 962 550 1043 tempora
571 959 659 1024 vitae
681 958 836 1024 nostrae'.
942 1042 949 1048 ,

187 1045 370 1130 Imperator
397 1069 472 1113 vero
502 1047 540 1112 de
567 1047 670 1112 tantis
698 1050 731 1111 et
760 1047 882 1112 talibus
907 1047 1112 1112 sermonibus
1122 1052 1164 1118 39

97 1133 237 1199 multum
269 1135 468 1219 stupefactus
500 1139 533 1200 et
563 1136 651 1213 ultra
678 1157 775 1219 quam
803 1135 890 1201 credi
922 1139 1033 1219 potest
1060 1136 1113 1201 ad·

57 1247 83 1285 ιο
97 1223 220 1287 mirans
248 1223 307 1289 sit:
340 1223 397 1288 ‘Et
425 1224 586 1308 quomodo
614 1227 725 1307 potest
752 1224 815 1288 iste
842 1224 929 1288 filius
957 1245 1048 1290 meus
1079 1229 1113 1290 et

97 1331 193 1394 quem
219 1311 327 1396 ipsum
355 1313 394 1377 de
422 1315 514 1378 vobis
541 1311 732 1398 generavil'
776 1311 959 1396 Respondit
985 1312 1113 1379 Helena

96 1400 219 1465 dicens:
257 1399 408 1468 ‘Domine
439 1403 615 1486 imperator
645 1401 765 1486 viginti
796 1401 891 1465 annis
927 1401 1046 1484 elapsis
1079 1406 1113 1466 et

97 1489 237 1573 amplius
269 1511 334 1554 uno
367 1490 491 1555 dierum
519 1511 579 1576 ego
612 1511 684 1554 oum
712 1489 808 1554 sociis
835 1489 932 1573 meis,
961 1510 1044 1572 quae
1071 1491 1112 1553 ad

96 1579 212 1642 urbem
235 1576 362 1642 Roman
384 1580 530 1644 venimus
559 1579 601 1644 ad
623 1578 820 1643 visitandum
848 1577 964 1641 limina
987 1580 1112 1642 sancto·

58 1687 82 1728 1⁵
95 1686 182 1751 rum,
204 1667 343 1733 transivi
366 1688 424 1751 per
446 1672 579 1752 pontem
603 1667 729 1732 Tiberis
754 1670 787 1732 et
804 1666 898 1731 vobis
917 1687 956 1730 ex
975 1666 1112 1732 adverso

96 1775 170 1820 oum
193 1755 391 1821 satellitibus
413 1757 532 1822 vestris
554 1757 699 1822 venienti
721 1777 797 1821 casu
816 1755 1023 1820 occurrebam
1041 1775 1112 1820 ros·

96 1864 158 1929 que
191 1844 318 1908 statim
336 1845 444 1909 missis
478 1845 673 1929 quibusdam
705 1867 744 1910 ex
777 1844 896 1909 vestris
932 1843 1112 1908 mandastis

94 1932 219 2015 hospiti
246 1953 319 1997 meo
346 1953 399 1997 me
426 1938 498 1998 tum
524 1934 654 2017 penitus
686 1934 892 2019 ignorantem
923 1935 961 1996 ut
988 1954 1040 1997 me
1072 1931 1112 1995 de

95 2021 240 2106 hospitio
273 2044 339 2087 suo·
362 2044 429 2087 non
461 2021 643 2088 dimitteret
674 2023 743 2107 sed,
776 2022 876 2087 donec
907 2021 1112 2105 propositum

56 2131 82 2170 so
95 2113 244 2174 restrum
272 2111 310 2174 de
343 2131 395 2174 me
427 2115 619 2195 conceptum
651 2111 849 2195 expleretur,
882 2110 967 2194 apud
998 2131 1032 2174 se
1063 2130 1111 2172 re-

95 2199 226 2262 tineret.
266 2197 394 2283 Hospes
421 2220 498 2264 vero
523 2204 672 2284 suscepto
696 2199 852 2264 mandato
880 2198 1044 2283 imperiali
1067 2197 1113 2262 di·

95 2287 206 2351 missis
229 2287 302 2351 eliis
326 2288 483 2353 consociis
507 2289 588 2353 meis
609 2311 662 2353 me
684 2288 821 2353 retinuit
838 2291 872 2352 et
889 2287 970 2351 mihi
988 2287 1112 2350 furtum

96 2374 266 2440 cuiusdam
291 2375 340 2440 rei
369 2398 460 2462 suae,
489 2399 585 2461 quam
612 2377 676 2442 sibi
703 2376 846 2441 furatam
874 2375 1026 2458 asseruit,
1053 2375 1113 2438 im-

95 2484 219 2547 ponens
239 2463 278 2528 de
296 2463 441 2547 hospitio
462 2487 520 2530 suo
539 2465 687 2530 recedere
704 2486 772 2529 non
788 2463 947 2548 permisit.
978 2461 1112 2546 Vosque

57 2572 82 2613 ss
96 2555 194 2636 capta
212 2555 458 2636 opportunitate
478 2554 519 2618 ad
541 2553 627 2617 idem
649 2553 830 2637 hospitium
850 2551 984 2617 venistis
1007 2555 1112 2615 etms

94 2641 325 2725 pauperculam
348 2642 427 2707 flore
449 2642 625 2725 pudicitiae
648 2663 739 2706 meae
763 2644 878 2706 contra
905 2661 1033 2705 omnem
1056 2661 1111 2705 vo·

95 2730 255 2794 luntatem
269 2751 377 2794 meam
395 2734 430 2796 et
448 2731 533 2796 siout
550 2731 675 2815 placuit
693 2729 881 2795 denudastis
901 2733 935 2794 et
952 2729 1111 2794 violenter

96 2819 315 2904 oppressistis.
350 2819 396 2883 Et
418 2820 602 2905 insignum
625 2819 712 2903 quod
731 2819 840 2884 omnia
861 2818 927 2882 ista
945 2839 1022 2883 vera
1045 2819 1112 2882 siut
1159 2847 1167 2860 ·

96 2927 169 2971 ecce
200 2907 355 2971 annulum
387 2912 545 2993 vestrum,
579 2929 653 2973 ecce
684 2907 851 2973 humerale
884 2910 1110 2972 ornamentum

57 3013 82 3053 oo
95 2995 279 3079 imperiale,
306 3018 387 3080 quas
409 3019 461 3062 res
485 2998 520 3061 in
547 2997 757 3062 defloratione
779 3017 853 3061 mea
875 2995 957 3060 mihi
980 2996 1111 3061 amaris-

96 3083 177 3149 sime
200 3083 291 3149 flenti
315 3090 348 3150 et
372 3085 412 3150 de
434 3088 622 3170 perpetrata
644 3085 730 3150 circa
753 3106 805 3149 me
825 3084 962 3148 nimium
987 3082 1111 3147 dolenti

97 3173 237 3257 quadam
259 3173 382 3257 pietate
407 3177 514 3240 motus
539 3174 702 3239 tribuistis
727 3177 760 3238 et
782 3195 863 3257 quas
887 3171 974 3255 apud
996 3191 1048 3236 me
1075 3171 1111 3235 in

169 3407 202 3456 10
216 3400 314 3470 potest
326 3401 382 3456 iste
396 3401 434 3468 D,
453 3400 507 3456 iste
522 3401 619 3472 potest
633 3400 668 3455 F.
739 3407 771 3457 15
785 3399 892 3469 tyberis
906 3399 944 3467 D,
959 3395 1058 3452 tiberis
1073 3397 1109 3451 F.

96 3476 130 3526 20
149 3471 185 3524 de
203 3485 249 3526 me
267 3470 310 3538 D,
330 3472 364 3526 de
382 3489 412 3525 m
431 3473 467 3527 F.
559 3477 593 3527 25
612 3471 804 3542 oportunitate
823 3473 899 3527 codd.
990 3475 1024 3523 26
1042 3467 1111 3522 flore

97 3544 188 3612 codd,
206 3543 323 3610 fortasse
341 3545 511 3599 scribendum
530 3549 581 3599 est:
599 3542 630 3597 in
647 3541 723 3597 flore.
816 3549 850 3598 30
869 3540 956 3596 michi
973 3540 1012 3609 D,
1032 3535 1058 3590 n’1
1072 3539 1109 3594 F.
