2688 4158
620 239 834 304 ..30..

218 399 401 483 praedictos
424 401 566 465 traetata
588 399 729 480 fuerant,
753 397 989 464 consummavit
1014 401 1049 462 et
1073 399 1235 483 imperiali

219 489 413 553 anctoritate
450 488 660 554 confirmavit.
711 486 868 552 Similiter
905 487 961 570 qui
998 486 1234 554 ambassiatores

217 575 425 660 imperatoris
456 575 652 642 Graecorum
681 597 721 642 ex
748 579 842 659 perte
864 574 1007 639 eiusdem
1037 575 1162 640 domini
1185 579 1235 641 sui

219 668 253 728 et
276 687 371 750 quem
399 665 440 730 ad
466 665 596 730 modum
627 664 668 730 ab
696 665 768 748 ipso
791 667 980 747 receperant
1006 664 1041 728 in
1063 664 1236 749 mandatis,

218 752 364 818 fecerunt
382 753 451 818 vioe
469 774 572 819 versa.
609 752 658 818 Ae
675 754 746 837 ipse
765 750 990 835 Constantius,
1012 752 1264 818 Romanorum

217 842 410 926 imperator,
437 841 540 905 filium
570 863 663 906 suum
693 839 943 907 Constantinum
971 863 1036 906 una
1063 863 1137 906 oum
1161 863 1236 907 oon·

217 931 293 1014 iuge
327 931 362 994 in
393 929 540 995 Romano
567 925 715 1014 imperio·
734 930 868 994 heredes
896 929 960 994 sibi
992 934 1068 1013 post
1095 933 1236 997 mortem

219 1039 311 1082 suam
340 1039 544 1083 successuros
572 1019 694 1084 ibidem
722 1040 832 1084 eoram
859 1019 1012 1084 universo
1043 1021 1157 1084 senatu
1188 1019 1235 1083 in·

217 1106 327 1171 stituit
354 1127 451 1170 manu
479 1108 624 1191 proprie:
658 1107 742 1192 quod
766 1111 799 1171 et
825 1107 890 1192 ipsi
916 1107 1152 1173 ambasiatores
1176 1107 1235 1172 im·

215 1196 377 1280 peratoris
403 1194 599 1260 Graecorum
627 1195 667 1261 de
694 1196 832 1281 imperio
863 1195 1058 1262 Graecorum
1086 1196 1275 1261 fecerunta

216 1305 233 1347 e
263 1304 427 1349 converso.
470 1283 532 1348 His
565 1305 643 1350 vero
671 1285 821 1350 omnibus
848 1285 990 1368 peractis
1019 1281 1233 1350 Constantius

215 1371 284 1438 filio
303 1369 518 1438 Constantino
542 1376 575 1438 et
598 1395 675 1438 suae
698 1373 830 1456 coniugi
853 1395 925 1438 oum
950 1395 988 1438 ea
1011 1372 1234 1439 sollemnitate

214 1461 286 1526 fieri
309 1461 387 1527 fecit
408 1461 540 1546 nuptias
565 1483 602 1526 ao
626 1463 654 1527 si
675 1463 733 1526 illo
757 1462 940 1526 die'essent
959 1461 1100 1545 primum
1119 1463 1234 1526 matri-

214 1550 402 1616 monialiter
434 1551 586 1634 copulati.
637 1549 883 1616 Ambasiatores
915 1569 990 1614 vero
1024 1549 1233 1633 imperatoris

216 1637 414 1704 Graecorum
434 1642 511 1723 post
532 1639 595 1704 hoo
614 1659 686 1704 eum
704 1639 834 1722 magnis
853 1638 1041 1704 muneribus
1061 1643 1094 1703 et
1112 1659 1231 1724 magno
1248 1656 1273 1696 1⁵

213 1726 337 1792 honore
361 1727 552 1792 reviserunt.

160 1810 203 1874 48
304 1815 452 1890 Qualiter
484 1818 593 1879 autem
625 1812 860 1881 Constantinus
890 1818 1019 1881 mortuo
1050 1837 1108 1881 suo
1138 1820 1233 1900 patre

217 1901 411 1969 Constantio
435 1902 470 1966 in
492 1902 640 1969 Romano
662 1905 800 1989 imperio
824 1909 856 1970 et
879 1907 1008 1970 mortuo
1037 1925 1095 1969 suo
1120 1925 1231 1971 socero

212 1993 248 2056 in
287 1991 484 2057 Graecorum
520 1992 657 2076 imperio
696 1994 886 2058 suooesserit
923 1997 956 2057 et
990 1992 1099 2059 faetus
1131 1993 1232 2059 fuerit

212 2081 314 2145 totius
343 2079 464 2144 saeculi
492 2082 682 2163 monarcha,
710 2082 851 2165 qualiter
879 2105 899 2147 a
925 2081 1043 2147 Sancto
1069 2080 1229 2148 Silvestre
1244 2099 1271 2139 2⁰

211 2191 298 2252 papa
326 2191 346 2233 a
373 2168 465 2252 lepra
493 2173 622 2234 curatus
651 2172 684 2234 et
711 2169 752 2234 ad
779 2170 876 2235 fidem
900 2168 1024 2236 Christi
1052 2191 1229 2237 conversus

211 2256 276 2320 fuit
308 2278 346 2322 ao
373 2278 474 2341 usque
503 2255 543 2321 ad
570 2262 710 2323 mortem
739 2281 830 2324 suam
858 2259 893 2324 in
920 2263 1059 2342 utroque
1090 2261 1227 2344 imperio

211 2344 438 2428 potentissime
456 2345 608 2430 regnavit
626 2350 660 2411 et
678 2347 817 2430 qualiter
837 2352 950 2414 sancta
966 2347 1102 2432 Helena,
1123 2353 1228 2414 mater

212 2431 433 2517 Constantini,
461 2433 724 2520 Hierosolymam
747 2435 845 2502 iverit
873 2441 906 2502 et
928 2439 1075 2501 sanatam
1099 2459 1226 2503 eruoem

211 2522 333 2588 ibidem
363 2523 536 2608 invenerit,
563 2524 691 2608 require
719 2524 753 2588 in
781 2525 849 2590 suis
876 2525 966 2590 loeis.
1003 2523 1093 2590 Haeo
1115 2530 1226 2591 autem
1241 2541 1267 2582 2⁵

210 2610 264 2674 hio
289 2611 386 2677 soribi
409 2611 459 2676 fea
482 2634 548 2677 non
566 2617 617 2677 est
634 2634 694 2678 neo
713 2617 856 2698 oportet,
879 2613 935 2678 sed
957 2613 1038 2679 haee
1061 2613 1227 2680 sufficiant

210 2720 271 2782 pro
295 2703 369 2764 ortu
392 2697 601 2766 Constantini
631 2701 685 2766 hio
707 2702 808 2768 fuisse
831 2702 955 2785 seripta
978 2701 1018 2766 ad
1041 2701 1171 2768 laudem
1195 2708 1228 2769 et

210 2786 368 2852 honorem
395 2788 580 2855 individuae
607 2791 781 2874 trinitatis,
810 2791 915 2874 patris
938 2794 972 2856 et
994 2791 1054 2856 filii
1077 2795 1112 2856 et
1134 2793 1227 2878 spiri-

209 2878 262 2940 tus
286 2876 399 2959 saneti,
424 2877 655 2961 omnipotentis
674 2878 734 2964 dei,
754 2880 809 2964 qui
828 2883 878 2944 est
895 2879 1056 2945 mirabilis
1076 2880 1111 2944 in
1129 2881 1226 2947 saetis

211 2965 277 3028 suis
296 2967 329 3028 et
348 2964 544 3030 mirabiliter
562 2967 736 3032 secundum
756 2989 833 3032 suae
852 2968 1027 3034 ineffabilis
1046 2970 1227 3053 sapientiae
1241 2986 1268 3026 ³0

209 3053 449 3136 providentiam
476 3055 658 3140 praemissa
685 3057 756 3122 fieri
781 3056 954 3140 disposuit3
983 3059 1102 3141 quique
1126 3060 1228 3125 etiam

211 3142 470 3208 estbenedictus
493 3143 529 3208 in
552 3145 681 3210 saecula
705 3145 914 3211 saeculorum.
950 3144 1065 3211 Amen.

283 3298 493 3355 loonsumavit
512 3302 588 3358 codd.
662 3301 892 3358 sconsannnus
907 3303 943 3359 F.
1017 3307 1226 3358 8suooessuros

209 3368 248 3432 D,
267 3387 441 3425 suecessores
460 3370 495 3427 F.
584 3379 615 3427 11
636 3372 691 3426 biis
711 3375 786 3429 codd.
861 3371 1060 3428 Constantinus
1080 3373 1115 3428 F.
1192 3381 1225 3429 12

210 3439 419 3510 sollempnitate
439 3444 515 3499 codd.
600 3451 632 3498 14
650 3443 892 3499 Ambasiatoribns
912 3446 987 3500 codd.
1065 3450 1099 3498 22
1118 3445 1152 3500 de
1169 3462 1225 3501 mo-

209 3510 307 3565 dorum
325 3515 474 3568 malotiooe
493 3515 526 3580 of.
546 3515 584 3569 ud
598 3532 658 3586 cop.
672 3520 719 3572 27.
793 3522 827 3571 24
844 3515 1023 3571 Constantini
1040 3515 1131 3569 mater
1146 3515 1183 3572 F.

564 3624 870 3656 *ἥρῳ-.-
