2688 4158
499 235 717 300 ..21-

98 393 257 459 exercitia
287 394 487 478 permaxime
510 389 712 480 agebantur.
766 393 1000 461 Constantinus
1037 419 1114 463 vero

97 503 174 548 cum
199 482 273 547 aliis
296 487 331 547 et
351 484 437 548 inter
459 484 542 549 alios
566 482 768 548 hastiludens
795 485 977 567 praevaluit
999 487 1114 551 ceteris

97 572 252 636 omnibus
279 571 343 636 hoc
369 570 445 637 ludo
471 572 520 636 ita
547 574 586 635 ut
611 572 734 637 multos
767 593 875 637 secum
906 555 1054 638 ludentes
1082 579 1116 639 et

96 661 169 725 fere
197 680 308 725 omnes
335 660 448 725 ludum
475 661 582 744 ipsum
610 681 716 725 secum
749 661 790 725 ad
822 661 953 746 aliquod
984 665 1114 746 tempus

67 769 82 810 a
98 749 329 814 continuantes
344 747 385 814 ad
402 752 524 813 terram
541 751 763 832 prosterneret
776 753 809 814 et
828 749 997 834 quodiam
1016 772 1116 834 quare

97 859 167 902 non
190 837 415 902 inveniebatur
433 838 551 921 aliquis
570 838 626 921 qui
645 859 753 903 secum
775 837 886 903 ludere
905 861 1001 904 ausus
1021 843 1116 923 esset,

99 929 134 991 et
157 926 193 990 in
219 928 346 990 tantum
369 926 459 990 ultra
482 946 593 990 omnes
617 926 786 1011 praefecit,
809 927 857 992 ita
879 931 917 992 ut
938 927 1117 1011 imperator

99 1035 175 1080 cum
202 1016 274 1078 toto
299 1016 413 1078 senatu
440 1035 478 1078 ac
504 1014 666 1078 universis
690 1015 757 1080 suis
783 1015 925 1080 tribunis
949 1020 982 1081 et
1005 1016 1117 1081 militi-

97 1103 162 1168 bus
187 1101 225 1166 de
249 1101 318 1167 eius
342 1103 536 1167 strenuitate
555 1102 757 1168 mirarentur.
791 1102 869 1168 Istis
887 1104 998 1188 itaque
1016 1103 1118 1169 hasti·

56 1211 83 1250 10
99 1191 201 1256 ludiis
225 1193 260 1255 et
280 1190 516 1256 torneamentis
539 1189 579 1254 ad
607 1190 734 1275 aliquos
762 1190 830 1256 dies
853 1192 1051 1257 continuatis
1080 1214 1117 1257 ac

100 1277 318 1344 Constantino
350 1279 456 1365 magis
488 1300 526 1343 ac
557 1279 663 1364 magis
698 1279 906 1362 praevalente
938 1280 1118 1365 imperator

99 1368 210 1451 coepit
231 1368 394 1451 inquirere
418 1367 568 1452 quisnam
590 1370 684 1432 esset.
721 1366 845 1432 Milites
863 1372 974 1433 autem
997 1373 1031 1432 et
1049 1369 1118 1434 uni·

98 1457 187 1522 versi
211 1456 266 1540 qui
289 1456 424 1521 aderaut
441 1456 569 1521 nobiles
587 1455 824 1539 responderunt
846 1477 910 1520 unc
934 1477 988 1520 ore
1012 1456 1118 1522 dicen-

98 1549 162 1627 tes,
180 1544 266 1629 quod
280 1544 390 1609 nullus
403 1544 511 1629 ipsum
524 1548 674 1610 nosceret
685 1544 749 1608 nisi
763 1545 849 1628 quod
866 1545 973 1628 ipsum
988 1545 1118 1628 saepius

57 1633 261 1698 invidissent
288 1633 404 1698 ceteris
427 1633 462 1696 in
484 1633 547 1699 hcc
569 1633 646 1697 ludo
665 1636 698 1698 et
725 1633 796 1697 aliis
820 1633 1017 1698 militaribus
1041 1629 1128 1699 acti?

99 1723 162 1788 bus
185 1720 373 1786 ludentibus
396 1721 695 1806 incomparabiliter
716 1722 967 1806 praevalentem.

190 1809 375 1894 Imperator
411 1813 520 1875 autem
555 1811 619 1876 hoc
650 1810 761 1875 audito
793 1808 1046 1876 Constantinum
1077 1809 1171 1874 ad34

101 1920 196 1964 suam
223 1898 333 1963 vocari
360 1898 457 1963 iussit
482 1900 701 1983 praesentiam
729 1901 762 1964 et
789 1899 950 1984 quaesivit
976 1898 1018 1963 ab
1045 1899 1117 1982 ipso

101 1987 174 2072 quis
203 1990 237 2051 et
263 1986 346 2052 unde
374 1990 467 2051 esset.
515 1986 579 2066 Qui
609 1987 778 2071 respondit
810 1987 930 2052 dicens:
967 1986 1118 2052 ‘Domine

60 2077 280 2164 coimperator
307 2077 460 2160 pauperis
484 2097 557 2140 sum
583 2074 670 2140 filius
693 2075 839 2141 mulieris
862 2075 1060 2141 stabularias
1083 2076 1119 2141 in

99 2165 164 2231 hac
180 2164 262 2228 urbe
280 2163 534 2230 commorantis’.
566 2163 755 2248 Rursusque
775 2165 993 2250 interrogavit
1010 2165 1119 2248 ipsum

101 2253 175 2338 quis
191 2257 279 2318 esset
297 2255 391 2337 pater
406 2252 483 2317 eius
515 2251 567 2317 Ad
583 2253 668 2336 quod
681 2253 799 2318 iterum
814 2253 981 2337 respondit
996 2253 1125 2318 dicens:-

101 2341 245 2407 ‘Patrem
265 2340 426 2425 quendam
448 2361 625 2425 pauperem
642 2341 749 2405 virum
773 2341 874 2406 habui
897 2341 952 2426 qui
970 2344 1118 2406 mortuus

100 2430 166 2496 fuit
180 2432 355 2515 antequam
370 2451 432 2515 ego
450 2433 548 2495 uatus
567 2428 692 2494 essem'.
724 2428 907 2513 Imperator
920 2431 1030 2494 autem
1048 2451 1118 2493 rem

61 2535 88 2577 25
101 2519 224 2584 tacitus
238 2518 444 2583 considerans
460 2517 668 2600 subsequenti
687 2516 827 2600 quadam
846 2517 907 2602 die,
924 2539 997 2604 pum
1010 2517 1118 2600 ipsum

101 2608 188 2673 inter
220 2607 304 2671 alios
336 2607 458 2671 milites
491 2605 728 2671 hastiludentes
762 2626 800 2670 ac
827 2606 935 2690 ipsum
961 2605 1002 2670 iis
1029 2627 1119 2691 prae·

100 2696 265 2762 valentem
294 2695 378 2760 sicut
408 2695 498 2778 prius
526 2694 759 2779 conspexisset,
792 2695 927 2760 eundem
960 2693 1119 2760 Constan-

100 2785 209 2850 tinum
233 2783 274 2849 ad
297 2806 331 2848 se
358 2785 467 2849 vocari
496 2783 592 2849 iussit
615 2783 790 2848 etiterum
815 2783 887 2868 quis
913 2787 1000 2849 esset
1022 2783 1119 2848 intor-

101 2872 241 2957 rogavit
274 2871 336 2948 Qui
350 2872 480 2957 quidem
494 2869 727 2938 Constantinus
744 2871 912 2955 respondit
926 2872 1011 2937 sicut
1028 2872 1119 2954 prius

65 2977 90 3017 ³⁰
102 2961 228 3028 fecerat
245 2961 368 3026 dicens:
393 2960 543 3026 ‘Domine
560 2961 747 3044 imperator,
768 2960 921 3044 pauperis
941 2982 1012 3025 sum
1031 2960 1118 3025 filius

103 3050 261 3134 mulieris,
280 3071 392 3114 servus
412 3048 539 3115 vester'.
571 3048 754 3134 Imperator
769 3053 879 3114 autem
892 3070 961 3114 rem
981 3049 1030 3113 ita
1049 3071 1119 3112 esse

104 3139 190 3204 sicut
212 3138 379 3203 asserebat
400 3159 605 3223 nequaquam
629 3138 806 3203 aestimans
828 3137 909 3201 dixit
932 3137 1009 3202 sibi:
1043 3135 1118 3200 ‘Pro

103 3233 191 3293 certo
216 3227 298 3292 scire
322 3227 470 3292 volumus
493 3226 590 3291 huius
608 3227 655 3291 rei
674 3226 846 3292 veritatem
869 3229 902 3288 et
925 3225 990 3289 uisi
1012 3225 1119 3308 ipsam

102 3315 309 3400 patefeceris,
331 3336 471 3399 poenam
490 3336 556 3380 non
580 3314 717 3380 evades'.
754 3312 985 3380 Constantinus
1010 3316 1119 3378 autom

164 3459 209 3583 tpto
229 3454 394 3510 continuans
413 3455 489 3514 codd.
509 3453 660 3509 continetis
674 3455 788 3510 corraei.
863 3457 897 3506 30
917 3450 1031 3507 domine
1044 3451 1076 3506 irc
1090 3449 1120 3505 D

102 3541 163 3597 repe
198 3541 242 3580 ur.
