2688 4158
209 1109 244 1178 Si
257 1111 442 1183 litterarum
457 1109 665 1194 antiquarum
674 1109 819 1195 cognitio
832 1108 923 1174 nulla
937 1109 1136 1176 incrementa

117 1205 247 1286 caperet
268 1200 333 1266 nisi
356 1218 394 1264 ex
419 1199 463 1264 eis
488 1199 711 1283 scripboribuS,
734 1198 791 1282 qui
808 1219 882 1263 raro
905 1198 1077 1264 admodum
1102 1204 1135 1265 eb

117 1290 247 1374 maguis
265 1283 448 1364 interuallis
469 1308 508 1352 ex
526 1286 799 1352 bibliothecarum
814 1287 958 1352 tenebris
977 1287 1013 1354 in
1030 1288 1134 1354 lucem

117 1376 339 1463 proferantur,
367 1377 516 1442 imminui
544 1379 657 1442 coubra
683 1373 880 1458 crederetur,
908 1377 1134 1460 quobienscun·

118 1490 181 1552 que
203 1467 287 1532 liber
313 1467 430 1551 aliquis
455 1467 496 1532 ab
521 1487 558 1530 eo
582 1465 634 1530 cui
664 1464 848 1542 adscribere
872 1466 1133 1532 consueverimus

117 1555 244 1622 auctori
265 1556 476 1640 abiudieetur,
495 1554 672 1620 maximum
689 1553 837 1618 futurum
855 1573 926 1618 esse
945 1553 1134 1638 periculum,

115 1666 157 1709 ne
180 1647 311 1710 nostrae
335 1644 452 1709 aetatis
475 1635 637 1728 philologi
660 1641 769 1726 polius
787 1642 1013 1708 retrocessisse
1036 1663 1133 1726 quam

115 1734 242 1818 priores
267 1755 437 1818 superesse
460 1733 645 1798 viderentur
667 1731 846 1798 reobissime
875 1730 1031 1814 scriptum
1054 1732 1133 1816 legi-

116 1845 189 1888 mus
203 1823 239 1888 in
253 1822 372 1888 eximie
386 1821 596 1904 Wolfflini,
610 1820 673 1886 viri
688 1817 878 1904 doctissimi,
897 1820 1134 1900 disserbmiona

115 1933 200 1996 quae
223 1915 273 1976 esi
297 1911 335 1978 de
358 1910 394 1976 L.
417 1909 544 1976 Annaei
568 1907 708 1982 Senecae
731 1909 874 1974 monitis.
917 1908 1024 1985 Quare
1046 1907 1133 1974 haud

115 2000 276 2066 absonum
307 1999 387 2064 mihi
420 1999 526 2066 visum
555 2002 605 2064 esi
626 1998 845 2082 ,antiquitatis
874 1997 1134 2072 studia-librum

116 2089 277 2173 quendam
301 2087 465 2154 oblivione
493 2109 627 2172 prorsus
655 2085 807 2153 obrutum
833 2087 953 2162 edendo
976 2109 1035 2170 pro
1059 2109 1133 2152 mea
1259 2124 1262 2129 ·

115 2177 583 2350 {l‘lffibhlbhff
597 2174 1134 2349 bhlbllglsslnlrlssffi

115 2377 211 2438 spero
234 2355 381 2420 furorum
405 2376 475 2420 esse
498 2354 612 2420 utilem
637 2357 670 2418 eb
692 2354 733 2418 ad
756 2353 886 2420 litteras
904 2354 1057 2436 antiquas
1082 2375 1134 2418 ac-

115 2443 258 2508 curaiius
282 2465 380 2528 quam
403 2443 509 2510 adhue
532 2443 603 2508 fieri
630 2442 738 2526 pobuib
761 2440 1011 2524 perscrutandas
1036 2445 1069 2506 eb
1093 2436 1156 2506 ad'

113 2530 242 2598 fabulas
280 2532 396 2597 melius
433 2530 681 2616 intellegendas,
719 2552 799 2615 quas
838 2529 877 2595 de
914 2526 1132 2596 Constantino

113 2618 236 2704 Magno
264 2621 397 2705 eiusque
425 2623 529 2688 matre
556 2621 676 2686 iberum
698 2618 879 2703 iterumque
904 2619 1135 2703 excogitabant

114 2729 225 2776 novas.

203 2796 290 2864 Nam
318 2802 354 2862 ub
381 2801 488 2864 celera
511 2798 674 2882 omilium,
702 2805 753 2881 e'a,
780 2819 862 2882 quae
886 2794 1001 2862 Suidas
1024 2794 1080 2881 (II,
1102 2819 1133 2881 p.

115 2887 181 2952 382
210 2886 259 2950 ed.
286 2885 490 2970 Bernhardy)
519 2887 557 2952 de
590 2886 772 2952 rationibus
806 2885 1001 2971 quibusdam
1037 2885 1133 2952 nobis

114 2974 264 3059 radidit,
300 2975 417 3059 quibus
456 2973 667 3042 Oousbaubius
708 2973 845 3040 Chlorus
882 2973 1133 3042 Constantinum

113 3063 219 3130 filium
238 3085 332 3130 suum
351 3065 542 3148 cognovisse
561 3065 688 3144 dicitur,
709 3085 748 3130 ex
767 3065 813 3129 eis
832 3063 937 3148 libris,
954 3064 1011 3147 qui
1029 3063 1134 3130 adhue

114 3152 154 3216 de
184 3152 235 3217 his
264 3153 343 3218 viris
373 3153 496 3237 publici
526 3153 605 3220 iuris
632 3152 714 3218 facbi
741 3157 831 3237 sunb,
858 3153 1008 3236 inbellegi
1035 3151 1134 3236 plane

112 3262 180 3306 non
216 3244 376 3324 poterant.
425 3240 521 3308 Nunc
552 3263 627 3308 vero
664 3240 745 3306 illud
779 3239 895 3308 Suidae
932 3237 1135 3324 γνωρισθεὶς

114 3325 152 3394 δὲ
175 3331 221 3418 τῷ
244 3327 343 3414 πατρὶ
367 3326 450 3396 κατά
472 3354 567 3407 τινας
586 3333 780 3416 ’γνωρίμους
800 3327 946 3414 τρόπους
968 3331 1016 3395 iba
1034 3331 1134 3396 inber·

112 3418 239 3502 pretori
262 3419 351 3502 licet,
378 3423 415 3484 ub
439 3420 558 3486 sinon
581 3419 715 3486 eandem
744 3419 885 3486 similem
913 3423 999 3485 certe
1022 3441 1134 3484 narra·

111 3507 238 3572 'cionem
266 3503 381 3573 Suidas
406 3513 482 3574 ante
503 3508 613 3574 oculos
636 3508 790 3574 habuisse
810 3509 935 3574 dicatur
959 3511 1057 3594 abque
1079 3507 1133 3575 hio
