2688 4158
623 251 836 316 ..14-

224 415 385 499 nitebunt,
412 413 539 499 quando
568 413 629 477 erit
657 411 810 496 tempur’.
860 410 976 476 Mulier
1012 411 1135 490 eutem,
1163 409 1242 494 quie

224 505 328 590 magis
364 503 555 569 meticulosa
591 501 663 567 ideo
700 501 806 586 magis
839 501 995 584 sollicita,
1027 517 1163 582 surgens
1201 499 1241 562 de
1333 503 1334 570 l

224 593 307 658 lecto
339 597 372 658 et
403 592 516 657 indute
548 590 694 655 vestibus
727 590 827 656 exivit
858 590 897 655 de
928 588 1070 654 tentorio
1104 590 1137 651 et
1166 608 1241 651 cum

224 683 471 767 circumquaque
495 679 705 764 perquisisset
734 699 793 743 nec
816 699 915 744 naves
937 700 999 743 nec
1020 677 1170 743 homines
1192 676 1241 740 in·
1333 701 1334 708 ¹

225 772 381 854 venisset,
408 789 539 834 reverse
567 769 609 832 ad
636 768 742 833 virum
769 790 842 833 cum
871 788 991 853 magno
1020 765 1142 832 eiulatu
1170 786 1240 830 rem
1268 786 1280 824 5

226 863 353 944 gestam
376 858 458 923 dixit
482 855 553 921 sibi.
590 857 652 933 Qui
674 857 737 922 hoc
759 857 870 922 audito
894 877 1010 921 manus
1032 856 1068 920 in
1089 854 1240 938 proprios
1333 875 1334 908 l

226 949 361 1032 capillos
391 944 537 1010 iniiciens
566 967 663 1030 seque
696 946 889 1030 decapillare
920 945 1079 1029 incipiens
1110 942 1242 1008 fortiter

224 1038 260 1100 in
288 1039 416 1100 tantam
443 1035 710 1100 lamentationem
740 1039 772 1099 et
794 1034 937 1099 dolorem
961 1033 1122 1117 prorupit,
1145 1032 1240 1116 quod,

223 1124 287 1189 nisi
319 1124 435 1189 mulier
466 1123 535 1188 eius
571 1124 715 1189 dolorem
748 1124 855 1188 verbis
888 1121 1116 1188 consolatoriis
1151 1121 1240 1186 miti-

225 1216 345 1298 gasset,
368 1233 403 1276 se
425 1212 532 1298 ipsum
552 1215 589 1278 ut
607 1214 743 1278 aestimo
767 1211 898 1297 proprio
917 1211 1025 1297 gladio
1048 1210 1242 1296 peremisset
1255 1231 1280 1268 ιο

225 1302 348 1367 dicens:
377 1301 419 1367 ‘0
450 1301 567 1368 dilecta
595 1302 727 1367 domina
754 1323 827 1366 mea
855 1304 888 1366 et
911 1323 1044 1385 sponsa,
1066 1320 1126 1386 ego
1152 1300 1241 1365 enim

226 1414 297 1456 sum
325 1391 476 1476 pauperis
507 1391 650 1458 mulieris
678 1391 763 1456 filius
787 1395 820 1455 et
841 1390 903 1454 tibi
925 1390 1147 1455 nobilissimae
1170 1411 1241 1454 mu-

225 1481 298 1547 lieri
325 1503 383 1566 per
411 1481 556 1546 fraudem
585 1484 618 1545 et
650 1481 760 1545 dolum
793 1479 1038 1544 maledictorum
1068 1478 1240 1544 hominum

224 1571 403 1655 copulatus.
442 1569 529 1646 Quot
552 1573 585 1634 et
608 1569 722 1654 quanti
745 1569 780 1632 in
802 1569 897 1634 domo
920 1568 1024 1651 patris
1047 1567 1095 1631 tui
1118 1569 1240 1650 reperi·

223 1663 336 1744 untur,
366 1661 422 1743 qui
452 1658 541 1743 digni
570 1661 602 1722 te
632 1679 692 1741 pro
722 1657 850 1722 familia
878 1677 945 1722 non
978 1661 1054 1721 sunt
1085 1657 1239 1740 reputati,
1255 1683 1278 1722 15

224 1769 360 1833 quorum
384 1767 445 1832 ego
468 1747 596 1811 ratione
625 1746 753 1830 generis
778 1767 888 1810 servus
917 1767 987 1810 esse
1009 1766 1076 1810 non
1098 1766 1240 1828 possem.

223 1836 297 1921 Ego
321 1835 407 1900 enim
431 1857 503 1899 sum
527 1856 624 1900 causa
642 1835 758 1899 mortis
775 1837 851 1899 tuae
874 1838 908 1900 et
931 1834 1088 1899 edietum
1107 1834 1240 1899 misera·

224 1925 324 1990 bilem
338 1923 506 1988 interitum
520 1927 553 1988 te
571 1923 714 2008 perduxi.
745 1921 898 2007 Supplico
913 1927 950 1988 ut
968 1925 1020 1988 vel
1038 1945 1089 1988 me
1103 1924 1240 2007 proprio

225 2013 332 2099 gladio
356 2011 532 2077 interficias
555 2013 605 2076 vel
629 2013 764 2096 patiaris
789 2013 970 2095 meipsum
994 2011 1162 2097 iugulare’.

172 2103 214 2167 22
313 2101 430 2167 Mulier
457 2123 533 2166 vero
562 2102 630 2166 eius
659 2102 760 2166 nimio
789 2101 900 2169 dolore
928 2105 1017 2167 mota
1046 2101 1172 2185 sibique
1201 2124 1241 2166 ex
1255 2133 1280 2172 so

225 2191 319 2256 corde
348 2189 539 2274 conpatiens
573 2181 804 2256 consolabatur
835 2192 943 2276 ipsum
977 2191 1100 2256 dicens:
1128 2189 1241 2256 ‘Unde

226 2283 282 2344 aut
301 2280 390 2345 cuius
414 2278 610 2345 condicionis
633 2281 686 2343 vel
705 2280 833 2365 generis
853 2281 897 2346 sis
916 2280 967 2344 vel
985 2280 1099 2363 fueris,
1118 2279 1157 2344 de
1176 2280 1239 2346 hoc

224 2391 290 2435 non
314 2390 448 2454 quaero;
472 2369 537 2433 scio
558 2369 644 2433 enim
663 2369 748 2455 quod
769 2369 849 2433 mihi
868 2369 903 2434 in
921 2370 1073 2434 maritum
1092 2369 1144 2434 vel
1163 2389 1239 2434 con-

224 2459 334 2544 iugem
357 2459 500 2524 sociatus
524 2479 567 2543 es,
591 2461 662 2522 ate
680 2480 858 2543 numquam
881 2462 1013 2544 propter
1037 2461 1161 2542 patrem
1183 2462 1239 2523 aut

224 2552 360 2614 matrem
375 2548 589 2633 autaliquem
603 2569 777 2632 personam
791 2548 953 2613 viventem
968 2547 1144 2638 separabor
1162 2548 1239 2613 dum
1253 2575 1278 2616 ss

225 2637 343 2702 vixero.
385 2635 453 2702 Nec
472 2641 581 2721 potest
598 2659 649 2702 res
667 2639 740 2721 ipsa
760 2637 881 2722 absque
900 2637 1046 2702 miraculi
1065 2637 1238 2724 praesagio

226 2728 258 2789 et
276 2725 481 2791 ordinatione
500 2725 609 2790 divina
624 2725 792 2810 accidisse3
811 2729 944 2811 propter
962 2726 1048 2811 quod
1067 2726 1136 2809 ipse
1151 2726 1239 2812 deus,

226 2813 254 2877 si
272 2815 308 2877 in
326 2814 434 2898 ipsum
454 2814 589 2878 firmiter
608 2817 856 2899 speraverimus,
874 2837 934 2880 nos
952 2816 992 2880 de
1010 2819 1124 2881 nostra
1143 2815 1238 2881 citius

226 2903 378 2987 angustia
400 2902 561 2967 liberabit.
606 2901 769 2969 Constans
793 2907 863 2969 esto
887 2908 920 2969 et
943 2905 1024 2969 boni
1043 2904 1153 2989 animi,
1176 2926 1237 2991 ego

225 2992 312 3056 enim
341 2991 444 3056 adhuc
471 2991 576 3056 habeo
603 2995 732 3058 tantum
760 2993 798 3059 de
826 2993 980 3076 pretiosis
1009 2994 1152 3058 enceniis
1179 3015 1238 3078 per
1251 3021 1275 3060 so

224 3085 361 3145 matrem
393 3101 500 3146 meam
532 3080 611 3146 mihi
644 3082 789 3167 traditis,
821 3083 952 3168 quibus,
986 3083 1160 3149 dummodo
1194 3084 1237 3148 dii

223 3171 329 3236 nostri
361 3170 402 3234 ad
439 3170 577 3255 aliquem
611 3175 742 3256 portum
778 3194 835 3237 scu
866 3171 1102 3237 habitationem
1133 3172 1237 3238 homi-

224 3282 301 3325 num
324 3260 414 3325 vivos
442 3281 502 3325 nos
524 3260 747 3345 perduxerint,
771 3261 890 3326 habere
913 3261 1091 3345 poterimus
1115 3261 1236 3326 vietum

296 3545 331 3594 20
350 3558 403 3615 que
421 3542 492 3596 deest
509 3541 541 3594 ia
559 3541 635 3596 codd.
