2688 4158
641 243 837 306 „2-

197 422 219 484 2
324 400 497 468 Crescente
534 424 610 466 vero
650 401 859 486 postmodum
896 400 1138 466 sacratissimae
1174 403 1251 467 fidei
1334 467 1335 476 ,

235 492 433 557 christianae
452 491 608 574 religione
627 512 664 554 ac
682 489 872 554 succedente
890 489 926 552 in
944 489 1081 573 imperio
1100 489 1250 556 Romano

235 578 428 646 Constantio
450 580 647 662 imperatore
665 577 813 643 Romano
833 599 961 661 semper
978 578 1128 662 Augusto
1147 580 1251 645 totius
1334 599 1335 666 j

235 668 432 754 reipublicae
451 667 669 751 principatum
686 688 746 751 pro
765 671 911 755 tempore
926 665 1095 731 obtinente
1111 668 1252 752 contigit
1334 729 1335 746 ,

233 757 393 823 Helenam
421 756 596 841 virginem,
626 777 709 840 quae
732 777 771 820 ex
794 754 960 820 nobilibus
984 755 1113 839 quidem
1135 774 1279 840 paren-5

233 847 321 912 tibus
350 845 524 930 progenita
551 844 590 908 de
619 845 720 927 stirpe
753 844 953 928 quorundam
983 844 1143 909 nobilium
1173 845 1251 910 civi·
1333 845 1335 940 i

233 935 313 1000 tatis
343 933 549 998 Treverensis
581 932 741 1016 originem
770 933 885 1016 traxit,
918 931 1028 995 venire
1066 933 1106 997 ad
1135 933 1250 998 urbem
1334 949 1335 1008 ζ

233 1022 373 1087 Romam
396 1021 593 1104 praedictam
618 1041 726 1086 amore
748 1019 903 1085 visitandi
926 1021 1040 1084 limina
1063 1025 1249 1086 sanctorum

234 1110 324 1175 Petri
343 1113 376 1174 et
394 1109 488 1174 Pauli
512 1110 735 1193 apostolorum
759 1109 1007 1192 praedictorum.
1039 1106 1122 1174 Oum
1141 1113 1249 1174 autem

233 1199 308 1283 ipsa
337 1197 464 1262 Helena
494 1202 579 1263 esset
610 1198 645 1261 in
674 1197 754 1262 urbe
786 1197 947 1281 praefata,
980 1198 1131 1282 contigit,
1163 1200 1248 1282 quod
1266 1216 1291 1254 1⁰

235 1273 449 1353 Constantius
469 1286 648 1370 imperator
675 1286 843 1369 praefatus
866 1286 929 1350 iter
951 1285 1073 1351 faciens
1097 1309 1136 1352 ex
1158 1309 1248 1352 more

233 1397 292 1460 per
320 1381 454 1460 pontem
482 1375 609 1440 Tiberis
639 1374 722 1439 vidit
748 1373 908 1439 Helenam
935 1375 1021 1439 inter
1048 1375 1131 1440 alios
1158 1397 1248 1459 pere·
1334 1415 1335 1450 ³

234 1464 344 1549 grinos
369 1465 432 1529 sibi
456 1486 533 1529 casu
557 1466 786 1530 occurrentem.
822 1463 960 1528 Etcum
983 1463 1120 1528 intuitus
1143 1464 1249 1547 ipsam

233 1553 350 1618 fuisset
374 1554 505 1638 eiusque
525 1553 710 1638 elegantiae
728 1551 1001 1636 pulchritudinem
1020 1552 1248 1636 conspexisset,
1334 1577 1335 1672 q

233 1641 313 1726 ipse,
333 1663 405 1706 cum
425 1646 510 1706 esset
528 1643 617 1706 totus
636 1641 762 1705 deditus
781 1640 918 1723 libidini,
937 1641 970 1704 in
990 1641 1247 1723 concupientiam
1264 1655 1289 1695 1⁵
1334 1691 1335 1700 ,

234 1730 302 1793 eius
332 1731 454 1793 exarsit
481 1734 514 1793 et
541 1728 709 1793 mandavit
736 1728 929 1813 quibusdam
959 1728 1157 1794 satellitibus
1181 1732 1249 1794 suis

234 1817 355 1882 dicens:
393 1816 584 1901 ‘Sequimini
615 1817 700 1882 banc
728 1822 761 1882 et
792 1818 826 1882 in
854 1839 1089 1902 quamcumque
1117 1817 1250 1883 domum

234 1906 419 1990 intraverit,
443 1906 539 1970 dicite
558 1905 703 1990 domino,
727 1906 812 1991 quod
833 1906 938 1990 ipsam
963 1906 1001 1972 de
1025 1907 1120 1971 domo
1139 1929 1199 1971 sua
1219 1911 1251 1972 et

235 1993 396 2076 custodia,
429 2015 594 2079 quousque
621 1995 660 2059 de
690 1995 762 2079 ipsa
789 1995 874 2059 sicut
906 1995 1121 2080 cogitavimus
1154 1999 1250 2080 capta

235 2083 483 2166 opportunitate
511 2083 660 2148 ordinare
688 2084 882 2168 poterimus,
910 2084 971 2148 sub
998 2105 1104 2167 poena
1131 2085 1249 2168 capitis
1264 2100 1288 2138 20

234 2193 301 2236 non
324 2170 491 2236 dimittat'
533 2171 595 2248 Qui
619 2175 791 2256 sequentes
818 2173 924 2256 ipsam
948 2193 1049 2256 nsque
1078 2172 1119 2237 ad
1141 2172 1250 2258 hospi·
1333 2161 1334 2256 i

233 2259 317 2323 tium
344 2259 430 2343 quod
460 2281 533 2324 oum
560 2261 628 2326 suis
655 2263 834 2326 intraverat
861 2261 958 2325 sociis
988 2260 1111 2343 hospiti
1134 2261 1249 2326 domus

232 2348 267 2412 id
290 2348 376 2432 quod
400 2370 419 2412 a
443 2348 574 2414 domino
594 2371 651 2414 suo
675 2351 710 2414 in
728 2349 890 2415 mandatis
910 2351 1103 2432 acceperant
1126 2355 1249 2416 secreto

234 2441 456 2502 narraverunt
505 2436 635 2522 Hospes
662 2460 739 2503 vero
772 2438 886 2503 domus
921 2440 1054 2522 accepto
1086 2437 1250 2522 imperiali

235 2526 388 2590 mandato
402 2525 583 2608 praefatam
598 2526 758 2592 Helenam
775 2527 808 2590 in
818 2525 965 2591 custodia
979 2547 1037 2590 sua
1050 2527 1135 2591 clam
1149 2528 1249 2592 susci·
1263 2541 1286 2582 2⁵

232 2613 326 2697 piens
348 2636 390 2679 ne
413 2614 452 2678 de
476 2615 571 2680 domo
597 2637 656 2680 sua
677 2616 841 2680 recederet
864 2614 1003 2678 sollicite
1027 2615 1212 2681 custodivit.

198 2713 219 2777 3
322 2701 491 2788 Peregrini
519 2708 629 2770 autem
658 2705 715 2768 alii
743 2704 811 2768 eius
835 2701 976 2767 consocii
1004 2702 1140 2785 expletis
1164 2705 1249 2769 votis

311 2935 406 3030 aspis
429 2948 556 3002 Romano
579 2947 698 3018 imperio
722 2946 758 2999 F.
782 2948 814 3000 io
831 2947 861 3000 D
884 2948 966 3002 verta
984 2950 1071 3004 deleta
1088 2953 1161 3004 auat.
1195 2954 1251 3020 spis

232 3019 305 3088 quod
318 3017 388 3088 ipsis
403 3037 459 3075 noa
474 3021 586 3088 praebet
599 3034 716 3083 semum,
735 3034 769 3072 ea
781 3016 900 3087 imperio
916 3024 1013 3088 onam,
1028 3021 1145 3074 alteram
1160 3028 1251 3075 autem

232 3091 305 3159 quod
326 3091 449 3159 sequitur
471 3090 632 3144 uocabulum
654 3087 773 3157 imperio
796 3089 939 3144 delendam
957 3107 1011 3145 esee
1034 3092 1144 3146 conieci.
1180 3089 1250 3144 Con·

233 3159 358 3214 stantino
381 3161 457 3216 codd.
498 3159 664 3214 Constantio
688 3161 794 3214 corraei
816 3175 849 3214 ea
867 3161 906 3215 eis
928 3162 1094 3230 peruetusta
1112 3161 1248 3232 leputatur.

233 3233 260 3299 8)
277 3230 453 3300 praedictam
472 3235 508 3287 a‘n
526 3235 577 3284 aot
594 3237 631 3284 au
649 3230 686 3288 F.
717 3231 793 3284 inD
807 3231 890 3286 verta
904 3231 991 3286 deletu
1008 3237 1081 3287 eunt.
1154 3247 1250 3286 amore

232 3304 290 3370 ipse
303 3304 412 3357 corusci.
506 3307 538 3354 12
553 3300 631 3367 tybia
645 3302 684 3367 D,
702 3302 797 3356 literae
811 3301 848 3355 F.
943 3309 975 3357 13
990 3302 1082 3372 ipsam
1095 3301 1198 3357 fuisset
1211 3305 1250 3367 D,

231 3371 333 3426 fuisset
350 3372 442 3442 ipsam
460 3372 496 3426 F.
597 3376 630 3426 14
648 3371 870 3442 pulcritudinem
888 3373 924 3426 F.
1020 3380 1053 3428 19
1073 3371 1153 3426 sicud
1171 3375 1248 3428 codd.

232 3449 264 3498 at
281 3459 367 3512 saepe.
459 3449 493 3496 20
511 3443 673 3511 poteramus
693 3445 786 3510 codd,
806 3442 962 3512 poterimus
980 3446 1087 3514 scripsi.
1166 3451 1200 3498 26
1220 3444 1250 3498 et
1330 3485 1331 3510 ,

231 3529 267 3567 ne
286 3515 377 3580 codd,
397 3514 426 3568 et
443 3513 536 3568 delevi.
1330 3515 1331 3525 ¹
