2688 4158
622 251 837 316 ..13..

223 411 365 496 respexit
388 414 421 476 et
442 415 475 478 te
498 431 605 476 mcum
632 411 734 476 totius
762 409 881 476 saeculi
905 408 1061 474 solacium
1084 405 1167 474 mihi
1190 429 1243 474 re-

224 501 341 567 stituit.
377 497 479 566 (ledat
501 500 540 564 de
563 499 679 564 ceteris
703 521 723 564 a
746 499 841 565 corde
864 520 937 564 meo
961 498 1067 563 omnis
1091 498 1244 582 tristitia,

228 589 303 674 quia
333 588 470 675 dragma
500 588 627 673 perdita
656 592 706 652 est
733 588 867 654 inventa
893 609 954 652 nec
981 591 1091 671 potest
1117 588 1243 652 habere

224 679 331 744 locum
358 677 507 762 tristitia,
535 677 591 741 ubi
618 687 771 762 praesens
800 681 850 742 est
877 676 982 743 omnis
1005 676 1149 760 laetitia3
1182 699 1243 761 per

224 770 266 851 te,
284 768 330 832 fili
348 767 400 850 mi,
421 770 453 831 et
476 787 534 850 per
552 769 643 830 tuum
663 765 837 832 adventum
857 766 935 830 deus
958 765 1039 830 mihi
1058 764 1097 829 de
1117 767 1241 830 solacio
1273 773 1286 811 ⁵
1327 785 1328 794 ¹

224 860 258 920 et
281 856 401 941 gaudio
424 855 499 939 plus
521 854 817 940 incomparabiliter
837 855 982 920 restituit
1005 875 1103 938 quam
1126 855 1243 918 infelix

223 948 298 1008 tuae
330 943 520 1026 perditionis
553 966 648 1010 casus
681 945 719 1009 dc
752 944 862 1010 dolore
894 943 1004 1008 intulit
1037 943 1125 1008 cordi
1157 966 1242 1028 meo,

227 1033 312 1098 undo
331 1032 395 1097 sibi
412 1033 574 1118 regratior
592 1037 625 1098 et
643 1055 720 1100 suae
739 1033 916 1099 immensae
934 1031 1070 1116 pietati'.
1099 1031 1145 1096 Et
1164 1053 1241 1098 con-

224 1142 319 1186 versa
347 1120 387 1184 ad
415 1143 548 1187 uxorem
572 1121 780 1188 Constantini
806 1122 912 1206 ipsam
942 1121 1091 1186 similiter
1118 1121 1240 1186 osculis

225 1213 258 1273 et
291 1210 492 1294 amplexibus
521 1212 651 1296 recepit
685 1211 822 1276 dulciter
858 1211 942 1276 sicut
976 1231 1094 1274 nurum
1131 1233 1239 1296 suam,
1257 1217 1285 1258 ¹⁰

226 1302 447 1364 verumtamen
471 1299 556 1366 sieut
578 1302 617 1365 de
644 1300 705 1364 filii
727 1299 970 1384 recuperatione
993 1299 1170 1385 gaudebat,
1194 1300 1241 1364 ita

224 1393 257 1452 et
284 1389 388 1454 multo
417 1389 522 1475 magis
553 1389 592 1455 dc
621 1394 733 1455 tantae
761 1389 907 1476 coniugis
941 1409 1017 1454 suae
1046 1387 1239 1453 adductione
1328 1389 1329 1448 l

223 1477 346 1544 scilicet
374 1482 506 1562 propter
534 1501 626 1544 suam
658 1478 804 1562 inopiam
827 1482 861 1543 et
884 1481 1018 1561 propter
1041 1477 1088 1542 rei
1111 1478 1240 1562 magni-

222 1567 367 1633 tudinem
382 1589 449 1633 non
467 1568 629 1633 immerito
644 1565 844 1633 tristabatur.
877 1564 985 1632 Nurus
1001 1569 1109 1632 autem
1124 1566 1237 1631 videns

223 1677 351 1722 socrum
380 1678 472 1722 suam
500 1656 539 1721 dc
568 1657 707 1722 adventu
740 1677 798 1721 suo
827 1655 1055 1722 contristatam
1084 1655 1130 1721 sic
1158 1656 1235 1720 allo·
1256 1665 1283 1705 ¹⁵

224 1747 384 1829 quebatur
406 1745 510 1826 ipsam
534 1744 658 1809 dicens:

171 1833 213 1898 29
315 1831 473 1898 ‘Domina
501 1854 573 1896 mea
599 1833 780 1914 carissima,
811 1833 850 1899 de
879 1834 1018 1899 adventu
1041 1854 1113 1898 meo
1136 1833 1238 1898 nolite

224 1920 424 2001 contristari,
453 1921 556 1986 nolite
584 1922 722 1988 sollicita
750 1944 832 1988 esse:
861 1921 946 2000 Quid
970 1922 1237 1988 manducabimus

224 2015 257 2074 et
287 2009 363 2094 quid
393 2009 564 2076 bibemus?
610 2009 679 2076 Scit
706 2012 793 2077 enim
821 2016 913 2095 pater
940 2016 1051 2078 noster
1079 2011 1239 2095 caelestis,
1329 2088 1330 2100 χ

224 2098 280 2184 qui
309 2119 368 2164 nos
397 2098 435 2162 de
463 2099 613 2164 manibus
641 2100 826 2186 iniquorum
854 2104 1070 2166 mercatorum
1100 2104 1133 2166 et
1154 2101 1238 2184 peri-
1253 2115 1282 2152 2⁰
1329 2107 1330 2154 l

225 2187 304 2251 culis
325 2186 425 2252 maris
449 2186 608 2273 liberavit,
629 2189 819 2273 quidnobis
838 2189 1033 2256 necessesit.
1060 2189 1136 2272 Ipse
1150 2190 1238 2254 enim

224 2276 280 2360 qui
309 2275 348 2340 de
376 2275 476 2342 tantis
504 2277 656 2361 periculis
684 2301 744 2344 nos
772 2279 927 2344 redimere
960 2278 1086 2344 curavit
1117 2300 1239 2363 nequa·

224 2386 321 2449 quam
345 2366 431 2430 fame
454 2365 634 2432 interficere
659 2368 825 2454 cogitavit,
847 2367 950 2454 ipsius
973 2368 1093 2433 etenim
1116 2367 1238 2432 incom-

223 2454 455 2538 prehensibilia
488 2460 565 2522 sunt
597 2457 721 2523 iudicia
776 2455 829 2524 Sic
857 2478 934 2543 ergo
963 2456 1056 2541 illud,
1084 2457 1171 2541 quod
1200 2457 1239 2521 de

224 2544 319 2610 nobis
339 2544 406 2610 cius
432 2546 742 2630 impraescrutabilis
762 2547 889 2612 consilii
908 2545 1045 2611 altitudo
1070 2545 1239 2630 disposuit,
1256 2562 1283 2600 2⁵

225 2633 407 2698 inevitabili
426 2637 622 2702 necessitate
646 2635 815 2720 adimpleri
837 2635 922 2700 lieet.
953 2633 1141 2700 Habeamus
1163 2655 1241 2720 ergo

225 2721 418 2804 patientiam
432 2727 465 2787 et
479 2745 552 2789 cum
572 2724 623 2789 dci
642 2724 803 2789 adiutorio
822 2724 953 2789 tandem
972 2727 1118 2789 nostram
1133 2745 1242 2790 emen-

226 2809 338 2874 demus
348 2815 585 2894 paupertatem.
603 2811 675 2896 Ego
686 2814 771 2877 enim
783 2812 1085 2878 consiliomanuum
1095 2835 1241 2878 mearum

226 2902 259 2963 et
271 2899 437 2964 laboribus
452 2899 532 2964 meis
547 2922 604 2979 vos
619 2901 737 2966 iurabo
758 2904 791 2965 et
812 2900 893 2965 bene
907 2905 944 2966 ut
964 2923 1059 2985 spero
1075 2903 1133 2967 deo
1149 2902 1239 2966 adiu-

226 2991 323 3054 vante
342 2987 538 3054 lucrabimus
557 3010 675 3072 panem
694 2993 852 3055 nostrum.
880 2989 926 3055 Et
942 2990 1153 3056 nihilominus
1172 3013 1241 3056 non
1254 3009 1281 3047 ³0

226 3078 359 3143 omnino
378 3097 480 3142 vacua
498 3077 580 3158 veni,
600 3079 655 3143 sed
679 3079 799 3164 aliquid
824 3079 863 3144 de
886 3101 967 3165 meo,
990 3102 1053 3164 quo
1077 3079 1240 3145 mediante

296 3261 312 3308 2
333 3252 447 3308 acorde
461 3252 500 3321 D,
519 3252 554 3308 de
569 3254 651 3309 corde
665 3254 702 3311 F.
774 3259 790 3310 3
811 3255 928 3325 dragma
943 3255 1019 3310 codd.
1034 3255 1085 3322 cfr.
1100 3255 1154 3312 Ec.
1169 3256 1238 3310 Luc.

225 3331 270 3391 15,
289 3331 359 3394 &sp
439 3329 472 3378 lt
491 3341 600 3380 socrum
619 3327 695 3382 codd.
779 3334 811 3382 17
830 3326 979 3381 karissima
1001 3327 1078 3384 codd.
1157 3333 1192 3381 20
1211 3330 1240 3382 et

225 3396 331 3452 addidi.
414 3400 447 3450 21
467 3395 552 3451 maris
571 3396 705 3452 liberavit
722 3397 760 3466 D,
778 3415 829 3452 nos
846 3397 984 3453 redimere
1003 3397 1113 3452 curavit
1130 3398 1167 3452 F.

226 3473 260 3520 22
279 3483 330 3521 nos
349 3471 413 3522 autc
431 3466 466 3522 de
484 3468 571 3524 tantis
586 3471 682 3539 posuit
699 3468 740 3534 1¹⁷3
759 3474 867 3524 sactus
884 3485 945 3524 sum
962 3469 1079 3526 codicem
1096 3468 1134 3522 D.
1204 3477 1238 3523 30

224 3535 423 3594 nichilominus
442 3539 517 3595 codd.
