2688 4158
503 257 718 320 ...17-

98 419 267 483 stantinus
295 419 364 502 ipse
394 417 564 500 coniugem
592 439 684 482 suam
708 419 748 482 ad
771 417 965 502 hospitium,
993 420 1028 484 in
1051 443 1116 504 quo

97 511 239 573 matrem
259 529 351 573 suam
370 505 529 571 Helenam
553 510 630 572 ante
655 511 794 592 quatuor
818 528 920 572 annos
940 507 1117 594 dimiserat,

99 617 212 662 secum
234 597 392 682 perduxit
636 675 637 678 Ἴ
1075 625 1077 632 ,
1110 625 1113 640 ·

193 685 239 751 Et
266 686 425 750 intrantes
453 684 584 750 domum
610 685 733 769 pariter
755 685 882 751 Helena
904 691 1008 752 mater
1031 685 1167 756 Con-27

67 775 241 840 astantini
270 797 343 840 cum
370 774 504 840 vidisset
531 774 634 838 filium
663 775 702 839 de
724 776 874 860 pretiosis
897 777 1044 842 vestibus
1067 777 1115 842 in-

99 865 215 929 dutum
244 868 279 928 et
308 886 416 930 secum
446 867 515 928 tam
543 863 688 928 nobilem
717 868 850 950 tamque
879 865 1048 950 pulchram
1079 889 1116 932 ac

99 955 183 1018 bene
217 957 365 1018 ornatam
398 953 565 1018 mulierem
598 955 778 1038 gerentem,
807 975 880 1019 eum
909 977 929 1019 a
955 956 1115 1040 principio

99 1065 170 1108 non
203 1043 358 1130 cognovit
389 1063 486 1127 seque
517 1042 553 1105 in
586 1063 725 1126 persona
755 1043 815 1106 filii
847 1043 916 1110 fore
950 1045 1116 1129 deceptam

100 1132 295 1197 aestimavit.
334 1130 396 1197 Sed
420 1153 492 1196 cum
512 1129 748 1196 Constantinus
767 1132 797 1196 ei
814 1135 920 1198 totam
938 1134 985 1198 rei
1004 1137 1115 1220 gestae

55 1221 219 1286 roseriam
237 1224 350 1306 utpote
370 1221 507 1306 qualiter
526 1241 545 1284 a
563 1222 799 1286 mercatoribus
815 1220 973 1288 Romanis
993 1245 1012 1288 a
1030 1224 1116 1308 prin-

99 1311 186 1394 cipio
215 1315 328 1396 captus
357 1314 390 1374 et
417 1309 452 1374 in
481 1309 628 1375 domibus
656 1310 802 1394 ipsorum
830 1311 983 1376 educatus
1010 1313 1116 1398 fuerit,

99 1400 240 1484 qualiter
264 1421 391 1485 quoque
406 1399 474 1464 sub
496 1399 628 1464 nomine
651 1399 711 1462 filii
734 1400 938 1483 imperatoris
962 1401 1002 1464 ad
1017 1399 1116 1466 Grae-

98 1489 185 1554 ciam
203 1488 377 1573 perductus
397 1488 459 1553 sibi
476 1509 630 1572 praesens
649 1488 773 1572 mulier,
792 1489 997 1573 imperatoris
1017 1489 1115 1554 Grae·

100 1599 213 1642 corum
236 1578 320 1663 filia,
348 1579 381 1642 in
408 1597 542 1657 uxorem
571 1577 695 1642 sociata
722 1577 882 1642 exstiterit
910 1599 947 1642 ac
976 1578 1115 1662 qualiter

56 1687 83 1726 15
100 1669 191 1751 ipsos
215 1667 293 1732 dicti
316 1670 513 1732 mercatores
537 1666 706 1749 ininsula,
724 1669 762 1731 ut
780 1666 866 1731 fame
889 1668 1115 1752 interficerent,

98 1756 293 1820 dimiserant
312 1760 346 1820 et
364 1777 440 1820 caru
464 1755 521 1819 alii
543 1759 741 1822 mercatores
763 1756 885 1820 ibidem
907 1760 1114 1822 transeuntes

98 1867 156 1910 ecs
186 1845 227 1908 ad
254 1845 393 1910 Romam
421 1844 649 1930 perduxerant,
677 1867 809 1910 narrare
837 1845 1022 1930 incepisset,
1051 1869 1114 1931 quc

99 1933 213 1999 audito
237 1933 364 1998 Helena
392 1956 491 2018 supra
520 1933 651 1999 modum
676 1934 859 2019 stupefacta
881 1934 984 1999 filium
1008 1935 1142 2020 coepit.

99 2023 290 2108 diligentius
313 2023 432 2088 intueri
467 2027 499 2088 ct
530 2027 599 2087 tam
627 2046 665 2088 ex
693 2024 826 2108 loquela
854 2045 950 2108 quam
979 2045 1017 2088 ex
1046 2045 1115 2109 spe·

59 2133 87 2172 ro
103 2113 239 2178 cialibus
254 2113 364 2198 gestis,
380 2133 460 2198 quos
475 2112 582 2197 ipsum
597 2112 632 2176 in
649 2113 817 2178 iuventute
831 2117 968 2178 noverat
986 2113 1115 2199 habere,

100 2224 200 2288 quam
219 2201 318 2266 etiam
338 2202 410 2266 aliis
429 2201 558 2266 indiciis
578 2202 682 2287 magis
702 2224 740 2267 ac
754 2202 859 2288 magis
873 2203 980 2288 ipsum
995 2223 1112 2288 coguo-

100 2313 189 2357 scere
203 2291 325 2375 incepit
332 2313 391 2355 nec
402 2294 512 2355 tamen
523 2295 655 2375 propter
667 2291 746 2356 facti
757 2292 972 2376 quantitatem
984 2297 1116 2375 stupen-

99 2381 175 2446 dam
191 2380 300 2465 potuit
313 2379 445 2445 reddere
461 2381 540 2444 satis
556 2383 687 2464 certam,
697 2383 808 2445 tamen
822 2381 991 2464 compulsa
1004 2401 1114 2446 amore

100 2470 256 2554 seipsam
275 2468 396 2534 diutius
417 2469 581 2534 continere
599 2490 665 2533 non
680 2470 790 2534 valens
809 2468 950 2552 procidit
968 2469 1002 2533 in
1020 2469 1113 2533 lacri-

59 2577 86 2617 ιι
101 2581 173 2624 mas
198 2561 231 2622 et
253 2580 329 2642 prae
353 2559 471 2643 gaudio
495 2557 696 2622 amarissime
719 2557 795 2622 flere
819 2558 933 2642 coepit.

191 2646 237 2711 Et
273 2667 407 2732 surgens
444 2669 517 2712 cum
558 2647 750 2712 festinantia
786 2646 893 2731 ipsum
931 2647 1167 2730 amplexata28

101 2757 239 2821 eumque
270 2739 427 2821 tanquam
465 2736 568 2800 filium
606 2757 699 2801 suum
735 2736 954 2821 unigenitum
975 2737 1116 2800 materni

101 2825 206 2890 osculi
230 2824 397 2889 dulcedine
419 2826 542 2910 recepit
564 2825 683 2890 dicens:
717 2823 795 2910 ‘Fili
824 2824 870 2889 mi
898 2825 1115 2902 dilectissime,

100 2916 185 2980 bene
216 2915 356 2996 veneris,
388 2914 467 2979 deus
504 2915 709 2999 omnipotens
743 2915 785 2980 sit
821 2914 1023 2999 benedictus,
1059 2915 1114 2999 qui

60 3023 86 3061 ao
100 3008 133 3068 te
156 3002 239 3068 mihi
261 3003 418 3082 restituit,
441 3003 571 3068 unicum
595 3005 705 3068 lumen
728 3025 850 3087 meum3
878 3004 1048 3068 benedicta
1072 3004 1115 3068 sit

101 3093 169 3157 dies
193 3092 268 3176 ista,
286 3092 321 3155 in
343 3115 407 3176 qua
429 3096 461 3156 te
481 3093 596 3178 recepi,
615 3093 653 3157 de
672 3094 762 3158 cuiue
781 3093 1025 3177 recuperatione
1047 3092 1113 3156 iam

100 3181 221 3246 dudum
245 3202 334 3244 eram
358 3181 539 3266 desperata,
564 3182 660 3247 hodie
680 3182 757 3248 deus
777 3181 985 3246 afflictionem
1008 3201 1114 3244 meam

172 3343 188 3392 7
207 3339 352 3408 gerentem
374 3339 476 3408 carpet
495 3355 550 3408 pro
573 3341 674 3395 codicis
696 3340 728 3394 F
752 3340 893 3410 scrc'prbcru
919 3339 1027 3392 reiecta
1050 3339 1113 3404 (ret-

98 3413 266 3478 masuam
289 3410 322 3464 iu
339 3409 369 3464 D
387 3411 452 3464 baec
474 3426 528 3466 coe
546 3411 633 3466 deleto
650 3417 695 3468 eat.
768 3418 798 3464 11
818 3411 942 3480 ipsorum
959 3408 998 3478 D,
1017 3425 1113 3464 eorum

99 3480 134 3534 F.
244 3484 276 3535 15
295 3481 388 3536 insula
405 3481 444 3550 D,
466 3481 587 3537 insulam
610 3481 647 3538 F.
667 3513 700 3524 -
719 3484 888 3539 iudicatione
905 3481 1043 3552 praularia
1060 3496 1115 3536 esec
1202 3511 1204 3516 ¹

98 3553 208 3608 videtur
226 3556 258 3606 ut
276 3553 308 3608 ia
326 3553 414 3622 capite
432 3557 477 3608 48.

151 3652 237 3694 Incerti
251 3652 352 3695 auctorlr
366 3653 394 3694 de
409 3651 560 3695 Constantino
574 3654 667 3702 Magno.
934 3648 950 3696 2
