2688 4158
630 252 846 314 ..12-

229 413 400 497 cunctique
433 412 552 478 terreni
585 410 710 475 domini
740 409 848 487 heres,
884 409 990 474 omnis
1024 409 1251 494 generationis

228 505 361 566 nostrae
384 500 540 566 memoria
564 521 601 565 ac
626 499 726 564 totius
749 499 879 564 futurae
904 497 1107 582 posteritatis
1132 499 1250 564 archa!

228 589 270 673 Ο,
289 588 331 674 si,
350 589 435 674 quod
454 588 554 671 absit,
573 587 682 672 aliquo
700 586 904 652 infelicitatis
926 609 1003 652 casu
1025 587 1087 652 viis
1106 590 1141 651 et
1159 588 1248 653 votis

229 679 295 744 tuis
315 679 495 744 obsistente
518 679 551 741 te
573 676 706 760 perdere
724 698 785 742 nos
804 676 1023 761 contingeret,
1048 675 1161 740 exinde
1180 698 1250 742 non

229 768 336 832 solnm
359 765 533 833 cuiuslibet
557 765 669 830 solacii
690 765 863 849 refugium,
885 784 997 830 verum
1021 764 1119 828 etiam
1142 765 1279 830 totiuss

228 854 433 940 posteritatis
447 857 581 919 nostrae
595 854 730 919 exitium
744 853 860 919 deflere
873 874 975 937 usque
991 852 1144 918 adfinem
1158 854 1249 918 vitae
1329 919 1331 928 ,

228 948 360 1009 nostrae
379 942 610 1007 miserabiliter
629 942 764 1027 dignum
782 946 869 1008 esset
886 963 946 1007 nec
958 942 1047 1006 ultra
1061 941 1171 1006 vivere
1189 943 1248 1007 sed

229 1032 313 1096 mori
339 1030 469 1095 forata
497 1030 557 1096 deo
581 1031 658 1096 altis
684 1030 831 1115 suspiriis
861 1029 972 1096 sedulo
999 1029 1248 1113 postulandum
1330 1045 1331 1084 l

229 1120 351 1184 nullius
377 1119 544 1184 solaminis
568 1141 626 1204 spe
648 1120 738 1184 refici
762 1120 818 1185 sed
840 1119 944 1184 totius
964 1118 1190 1184 tribulationis
1214 1125 1248 1182 et

230 1208 400 1294 angustiae
437 1207 524 1272 affici
560 1208 693 1292 dignum
731 1209 884 1274 ducerent
920 1208 959 1271 de
1001 1212 1109 1271 cetero
1150 1207 1248 1272 corda
1263 1233 1290 1271 ro

229 1301 352 1364 nostra.
395 1295 490 1361 Oculi
511 1297 616 1362 nostri
634 1297 743 1362 vultus
766 1296 816 1361 tui
840 1296 962 1360 lumine
984 1296 1248 1378 praeclarissimo
1330 1331 1331 1368 i

230 1385 418 1471 depraedati
433 1386 594 1451 continuis
609 1385 815 1450 lacrimarum
834 1385 980 1450 fontibus
999 1384 1101 1450 facies
1115 1389 1247 1450 nostras

231 1476 368 1559 irrigare
395 1475 557 1540 uberrime
584 1475 702 1539 merito
732 1479 932 1559 cogerentur.
978 1473 1084 1537 Aures
1116 1476 1248 1538 nostras

232 1564 344 1630 audito
363 1568 440 1628 tuae
458 1562 649 1647 perditionis
670 1583 746 1627 casu
764 1561 887 1628 infelici
906 1566 1063 1627 terrorem
1082 1560 1248 1626 dolorissi-

231 1675 319 1718 mum
347 1653 490 1734 recipere
517 1655 552 1715 et
578 1652 699 1716 habere
722 1671 850 1733 semper
874 1655 907 1716 et
930 1652 1130 1716 incessanter
1154 1671 1290 1734 opor-15

231 1744 316 1806 teret
334 1761 395 1804 nec
409 1743 495 1804 esset
514 1738 645 1823 aliquod
665 1760 836 1822 corporum
850 1743 1037 1804 nostrorum
1057 1738 1248 1821 membrum,

232 1828 317 1914 quod
335 1831 405 1892 tam
418 1826 595 1891 nefandum
613 1827 819 1893 infelicitatis
834 1849 944 1892 casum
961 1827 1164 1892 amarissime
1181 1848 1250 1892 non

231 1917 373 1983 defleret.
409 1915 455 1979 Et
474 1915 515 1997 ei,
535 1916 620 1999 quod
639 1915 736 1999 absit,
758 1915 889 2000 aliquod
907 1917 984 1981 talis
1003 1916 1038 1979 in
1057 1916 1248 1999 corporibus

230 2005 353 2071 nostris
372 2003 578 2068 infedilitatis
597 2004 778 2069 membrum
796 2005 930 2088 reperiri
949 2004 1163 2087 contingeret,
1185 2004 1249 2069 hoc

233 2097 320 2160 esset
341 2092 454 2175 procul
479 2091 576 2157 dubio
600 2093 719 2158 iudicio
743 2093 893 2176 protinus
917 2091 1171 2158 abscidendum'.
1262 2118 1288 2157 so

180 2177 221 2240 18
320 2180 382 2244 His
413 2185 446 2245 et
474 2180 661 2246 huiusmodi
693 2181 870 2266 plangendi
897 2181 1001 2247 modis
1029 2180 1110 2264 ipsis
1138 2183 1249 2246 multi·

231 2269 429 2354 plicantibus
459 2273 492 2334 et
519 2270 607 2334 ultra
635 2291 732 2353 quam
760 2269 823 2335 dici
849 2271 955 2354 possit
982 2270 1248 2335 continuantibus

230 2361 446 2443 pervenerunt
475 2358 517 2423 ad
546 2363 685 2443 portam.
727 2357 773 2424 Et
800 2359 911 2424 navim
938 2358 1128 2441 deputatam
1155 2359 1249 2423 nobi-

230 2448 348 2513 lissimi
368 2448 521 2532 coniuges
540 2449 751 2512 intraverunt.
788 2447 833 2513 Et
853 2447 1109 2512 valedicentibus
1133 2468 1249 2530 paren-

229 2537 319 2602 tibus
346 2536 491 2620 ipsisque
519 2558 630 2602 rursus
658 2536 908 2602 valedictionem
935 2534 1169 2602 lacrimabilem
1199 2557 1248 2600 re·
1262 2558 1286 2598 2⁵

229 2624 410 2690 ferentibus
433 2628 631 2691 mercatores
649 2625 784 2709 pessimi
807 2625 923 2689 erectis
946 2624 1029 2688 velis
1049 2628 1082 2689 ct
1100 2624 1246 2708 remigiis

231 2713 352 2796 aptatis
377 2713 493 2777 abinde
515 2715 671 2798 navigare
697 2716 881 2798 coeperunt.

179 2796 221 2860 19
321 2801 465 2865 Tandem
484 2823 556 2865 cum
575 2802 786 2868 transfretate
805 2821 926 2887 magna
945 2805 1039 2886 parte
1057 2803 1155 2867 maris
1179 2802 1246 2866 iam

231 2888 357 2973 regioni
387 2888 610 2954 Romanorum
645 2891 905 2975 appropinquare
936 2890 1130 2975 inciperent,
1163 2911 1246 2956 mer-

231 2981 357 3042 catores
385 2977 458 3041 vela
486 2998 614 3042 sursum
640 2979 788 3044 levantes
814 3001 913 3046 naves
942 2979 983 3044 ad
1011 2979 1173 3063 quandam
1200 2980 1245 3043 in·
1259 3001 1284 3040 eo

231 3066 336 3131 sulam
360 3066 543 3150 parvulam,
567 3089 649 3151 quae
666 3067 765 3132 nullis
784 3067 1034 3134 inhabitabatur
1057 3067 1245 3133 hominibus

230 3155 285 3220 sed
304 3155 439 3239 rupibus
458 3159 491 3220 et
513 3155 638 3220 rubetis
656 3157 788 3222 incultis
806 3159 839 3222 et
856 3156 1026 3222 horrendis
1046 3156 1247 3222 exuberabat

302 3391 333 3438 13
353 3385 464 3438 nostras
487 3385 530 3450 D,
553 3385 665 3438 nostrae
688 3383 724 3450 F.
799 3389 832 3438 17
855 3383 1037 3453 nephandum
1059 3384 1135 3439 codd.
1212 3390 1244 3439 18

228 3453 329 3507 talium
354 3457 430 3510 codd.
514 3461 546 3509 19
573 3454 730 3521 contigeret
755 3455 831 3509 codd.
911 3461 944 3508 21
971 3453 1027 3508 hiis
1053 3455 1129 3509 codd.
1210 3461 1244 3510 23

216 3524 325 3588 ,navim
339 3526 415 3582 codd.
433 3527 462 3594 (l)
535 3530 569 3580 25
584 3523 782 3579 valedictionis
796 3526 883 3593 codd,
896 3524 1115 3580 valedictionem
1129 3529 1238 3583 correct
1327 3569 1328 3602 ,
