2688 4158
22 994 26 1003 ⁸
162 923 259 989 ,Post
285 923 469 1008 passionem
497 923 620 989 domini
648 925 753 990 nostri
775 923 854 990 Jesu
878 923 999 991 Christi
1022 925 1102 990 eius·
1123 925 1142 988 1

86 1035 152 1098 que
171 1013 349 1098 gloriosam
366 1013 636 1078 resurrectionem
650 1035 670 1077 a
683 1014 821 1079 mortuis
835 1017 869 1078 et
882 1015 1103 1080 ascensionem

85 1104 124 1166 in
153 1102 277 1167 caelum
306 1101 501 1166 sanctissimi
524 1101 679 1184 apostoli,
707 1123 868 1186 quosquos
891 1103 978 1168 idem
1002 1103 1103 1169 domi-

84 1213 151 1255 nus
178 1193 290 1255 noster
315 1188 411 1255 Jesus
439 1188 589 1254 Christus
619 1211 679 1272 pro
702 1191 901 1256 incremento
924 1192 999 1256 fidei
1021 1192 1103 1257 chri·

55 1279 216 1345 estianae
235 1281 268 1343 in
286 1279 349 1344 hoc
367 1278 486 1343 mundo
500 1278 686 1362 reliquerat,
704 1283 837 1362 accepta
851 1271 985 1363 spiritus
1000 1284 1093 1346 sanct

87 1369 198 1453 gratia
216 1367 352 1432 eandem
370 1367 466 1432 fidem
486 1367 619 1450 eiusque
639 1389 763 1431 sacram
782 1368 1015 1450 professionem
1035 1370 1103 1434 suis

87 1478 149 1540 per
171 1457 358 1520 universum
382 1456 492 1520 orbem
511 1456 739 1539 plantaverant
757 1454 910 1520 doctrinis
933 1461 966 1521 εὴ
984 1457 1104 1542 glorio·

89 1546 137 1609 sis
161 1545 377 1628 irrigaverunt
399 1545 525 1609 meritis
550 1546 583 1608 et
607 1543 772 1628 exemplis.
809 1543 933 1620 Quibus
956 1544 1103 1609 invidens

88 1634 148 1697 ille
177 1632 329 1718 antiquus
358 1632 461 1697 hostis
492 1633 653 1698 bonorum
683 1633 828 1697 omnium
857 1633 1008 1698 inimicus
1039 1632 1104 1697 dia·

46 1741 74 1779 10
89 1721 188 1786 bolus
214 1742 307 1806 reges
336 1725 369 1786 et
394 1721 559 1804 principes
590 1743 627 1786 ao
654 1721 822 1786 universos
854 1722 951 1787 huius
984 1721 1104 1787 saeculi

88 1809 256 1894 praesides
280 1810 433 1875 adversus
454 1810 585 1875 eosdem
607 1808 732 1876 Christi
750 1811 917 1894 apostolos
936 1810 1105 1876 suscitavit

90 1902 124 1964 et
143 1898 183 1963 ad
202 1919 314 1964 eorum
337 1900 596 1982 persecutionem
621 1898 756 1963 diversis
776 1921 852 1963 suae
876 1899 1025 1964 fallaciae
1044 1899 1105 1964 viis

90 1992 125 2052 et
149 1987 252 2052 modis
279 1987 430 2052 incitavit
454 2008 491 2051 ao
517 1987 649 2051 tandem
677 1987 835 2070 quosdam
858 2009 897 2052 ex
926 1987 972 2052 eis
1001 1987 1107 2053 oruois

90 2075 239 2160 patibulo
277 2076 368 2160 affigi
400 2075 557 2160 quosdam
588 2096 663 2139 vero
704 2075 812 2160 gladio
849 2075 994 2160 aliosque
1030 2076 1104 2140 aliis

49 2183 75 2222 1⁶
91 2165 292 2229 diversorum
320 2167 558 2229 tormentorum
581 2163 749 2247 suppliciis
779 2163 928 2229 interemi
953 2185 1106 2248 procura-

90 2254 148 2318 vit.
186 2252 277 2317 Inter
299 2275 379 2336 quos
404 2251 539 2338 gloriosi
563 2253 645 2317 caeli
665 2257 697 2316 et
716 2255 822 2317 terrae
844 2252 1007 2336 principes
1031 2254 1106 2317 bea-

90 2341 213 2407 tissimi
240 2341 392 2406 videlioet
413 2340 529 2406 Petrus
558 2344 591 2404 et
613 2340 735 2406 Paulus
767 2341 907 2425 apostoli
932 2341 1106 2406 orthodoxi

92 2435 125 2496 et
150 2429 330 2495 catholicae
353 2429 428 2495 fidei
451 2429 639 2494 fundatores
662 2430 777 2494 urbem
795 2429 934 2494 Romam
953 2449 1011 2493 suo
1035 2451 1106 2512 pre-

91 2521 178 2584 tioso
200 2519 357 2603 sanguine
381 2521 414 2582 et
433 2517 589 2602 martyrio
613 2539 672 2601 pro
692 2517 834 2581 eiusdem
857 2516 979 2582 domini
1001 2518 1107 2582 nostri

51 2627 77 2666 ao
91 2606 173 2672 Jesu
198 2604 321 2672 Christi
348 2607 411 2672 fide
439 2611 472 2672 et
495 2606 696 2672 confessione
722 2610 950 2671 consecrarunt
973 2627 1010 2670 ac
1034 2628 1107 2671 ean-

92 2697 165 2762 dem
185 2716 252 2760 non
272 2697 377 2762 solum
400 2695 604 2780 imperialem
621 2695 735 2758 urbem
754 2693 810 2758 sed
828 2698 862 2758 et
881 2694 985 2759 totius
1009 2696 1107 2760 eecle-

92 2785 161 2850 siae
185 2806 223 2850 ac
245 2784 388 2850 eiusdem
410 2785 485 2848 fidei
505 2783 698 2848 christianae
718 2786 814 2866 caput
833 2805 869 2848 ao
887 2783 1108 2848 universalem

94 2873 203 2938 sedem
231 2873 302 2937 fieri
332 2895 369 2938 ac
396 2873 432 2937 in
464 2876 630 2937 aeternum
658 2893 789 2936 manere
821 2874 853 2936 et
883 2893 953 2936 esse
984 2871 1108 2937 dedica-

92 2965 218 3026 verunt.

166 3159 180 3207 1
207 3153 349 3222 Cupitum,
373 3171 441 3222 pace
463 3154 495 3208 ia
517 3152 655 3207 codicibus
674 3167 789 3221 prorsus
807 3167 864 3205 noa
889 3151 1108 3220 distinpnuutor,

93 3241 220 3279 calamos
249 3225 307 3294 ipse
329 3226 448 3304 addidi..
550 3229 564 3277 7
585 3221 767 3304 plantaverat
794 3223 886 3304 codd,¹
910 3220 1110 3290 plantaverant

93 3297 201 3364 scripsi.
273 3302 289 3352 8
303 3294 464 3364 irrigaverit
477 3295 564 3361 codd,
583 3294 770 3363 1rr1gaverant
786 3309 894 3361 scripse.
967 3297 999 3345 1v
1014 3289 1110 3344 ortho-

96 3383 162 3436 doxa
189 3384 233 3451 n,
258 3383 388 3438 ortodoxe
410 3384 446 3439 r.
552 3387 584 3436 m
611 3381 746 3452 sanguine
773 3382 870 3436 aaran
892 3380 935 3446 n,
959 3366 1057 3449 sagum
1072 3377 1109 3433 r.

95 3459 130 3508 22
154 3454 259 3524 capud,
281 3471 338 3510 non
357 3458 442 3524 caput
466 3459 498 3508 ut
519 3455 569 3508 hoc
592 3455 648 3509 loco
666 3455 705 3509 sie
726 3453 819 3510 ceteris
837 3452 868 3505 in
887 3451 1025 3506 codicibus
1043 3450 1111 3505 sori·

95 3525 185 3591 bitum
204 3527 277 3581 locos
294 3527 327 3580 ia
343 3526 374 3579 D
392 3527 494 3581 deloco
511 3530 556 3580 est.

149 3625 236 3665 Incerti
249 3625 349 3666 auctoris
364 3625 392 3666 de
407 3623 557 3665 Constantino
572 3634 660 3674 magno.
933 3617 948 3669 1
