2688 4158
598 251 817 316 ..24-

199 414 261 474 tur.
307 409 481 489 ‘Quoniam
513 432 589 475 vero
622 432 683 493 ego
716 411 860 475 sentiens
892 431 945 474 me
972 431 992 474 a
1017 411 1112 476 vobis
1142 433 1221 476 eon-

199 498 333 582 cepisse,
352 498 480 565 decrevi
493 500 602 583 potius
616 499 701 564 velle
720 499 756 563 in
768 499 848 564 urbe
861 498 1059 563 Romanuin
1078 521 1221 584 pauper-

198 591 267 652 tate
293 588 396 654 ritam
424 588 538 653 ducere
567 592 600 653 et
628 587 667 651 de
694 587 861 653 laboribus
888 609 1043 652 manuum
1068 609 1220 654 mearum

198 676 322 741 victum
350 698 504 761 quaerere
532 697 629 759 quam
654 677 694 740 ad
719 677 863 741 natalem
888 676 1027 759 patriam
1050 677 1159 741 redire
1183 682 1220 742 et

198 765 320 831 ibidem
342 765 427 830 inter
451 764 571 830 amicos
591 768 624 830 et
642 769 739 830 notos
762 765 912 848 quamvis
931 765 1002 828 sine
1020 770 1247 849 paupertates

199 858 319 919 etcum
332 853 589 919 necessariorum
604 853 798 918 sufficientia
813 855 989 937 perpetuae
1003 853 1218 918 verecundiae

197 942 350 1007 ruborem
387 942 555 1007 sustinere.
604 942 650 1008 Et
676 942 748 1006 ideo
781 964 820 1007 ex
851 944 929 1006 tuno
960 942 1124 1026 praeelegi
1160 942 1218 1007 hic

197 1051 328 1094 manere
357 1033 389 1094 et
411 1031 518 1095 mansi
540 1053 641 1116 usque
669 1031 704 1094 in
730 1029 922 1095 hodiernum
944 1029 1031 1094 diem
1055 1034 1088 1095 et
1109 1030 1217 1095 filium

197 1139 305 1182 meum
320 1117 572 1184 Constantinum
587 1119 626 1184 de
639 1118 789 1183 manibus
804 1139 862 1183 seu
876 1117 1043 1184 laboribus
1056 1139 1215 1183 manuum

197 1227 344 1270 mearum
371 1207 513 1273 educavi.
553 1207 731 1292 Usquequo
759 1206 823 1271 duo
851 1209 1047 1272 mercatores
1070 1206 1258 1273 Romanis>

196 1295 305 1378 ipsum
333 1295 414 1360 mihi
444 1296 559 1361 furtim
591 1295 775 1362 auferentes
803 1294 844 1359 ad
876 1295 1007 1360 domum
1040 1317 1130 1360 suam
1164 1319 1215 1360 re·

197 1388 351 1468 ceperunt
388 1388 421 1449 et
457 1386 675 1451 educaverunt
705 1405 763 1469 per
795 1384 921 1468 aliquos
959 1403 1075 1468 annos,
1111 1385 1215 1450 donec

195 1473 303 1555 ipsum
337 1473 377 1538 ad
414 1496 516 1541 annos
553 1474 732 1540 iuventutis
768 1473 958 1556 perductum
996 1493 1104 1536 secum
1141 1495 1214 1556 per-

196 1560 357 1627 duxerunt
387 1563 428 1628 ad
451 1560 621 1628 Graeciam
644 1567 677 1627 et
705 1561 825 1626 ibidem
848 1560 950 1625 filium
973 1563 1118 1626 restrum
1141 1562 1213 1626 fore

195 1649 337 1717 dicentes
370 1652 457 1716 filiae
488 1652 693 1736 imperatoris
726 1648 922 1714 Graecorum
954 1649 1008 1714 hie
1044 1651 1214 1733 praesenti
1228 1669 1255 1709 15

195 1739 343 1820 copulari
374 1739 660 1804 matrimonialiter
696 1743 956 1822 procuraverunt
982 1741 1017 1802 et
1051 1737 1126 1802 inde
1163 1761 1213 1803 re-

195 1827 344 1892 cedentes
376 1827 529 1910 ipsosque
557 1847 665 1892 secum
692 1830 791 1910 prout
818 1849 839 1891 a
867 1826 961 1892 robis
988 1827 1022 1890 in
1047 1826 1212 1892 mandatis

196 1935 230 1978 se
257 1915 417 1999 recepisse
445 1914 691 1980 affirmaverunt
717 1913 928 1999 perducentes
959 1936 1014 1980 eos
1044 1915 1086 1980 ad
1112 1937 1213 1999 quan·

194 2003 270 2068 dam
292 2003 434 2068 insulam
456 2007 494 2067 ut
516 2003 638 2068 ibidem
659 2003 745 2069 fame
767 2003 987 2068 interficerent
1005 2004 1213 2070 collocabant

194 2095 227 2156 et
254 2091 335 2174 ipsis
364 2090 597 2157 dormientibus
627 2096 660 2157 et
686 2092 913 2176 ignorantibus
935 2092 1056 2157 ibidem
1084 2093 1209 2158 relictis
1225 2112 1253 2152 ac
1332 2167 1333 2174 ἵ

194 2179 234 2244 ad
261 2179 401 2244 Romam
429 2201 502 2244 cum
530 2181 597 2245 suis
628 2181 763 2245 navibus
797 2180 920 2246 reversi
953 2182 1036 2246 clam
1068 2181 1210 2247 fuerunt.

193 2267 281 2332 Deus
306 2272 415 2333 autem
434 2269 639 2352 omnipotens
658 2269 713 2353 qui
731 2291 896 2353 nunquam
918 2269 1061 2335 deseruit
1080 2266 1210 2354 speran-

191 2361 243 2422 tes
280 2357 314 2422 iu
352 2380 386 2422 sa
424 2359 542 2443 quique
577 2355 757 2422 Susannam
791 2357 829 2421 de
861 2358 1012 2422 manibus
1045 2358 1209 2442 iniquissi-

191 2465 319 2512 morum
343 2446 484 2513 iudicum
503 2451 538 2512 et
556 2445 727 2512 Danielem
746 2446 785 2512 de
803 2446 877 2512 lacu
896 2447 1027 2511 leonum
1046 2446 1209 2532 liberarit,

192 2534 304 2601 rolens
331 2537 520 2603 innocentes
548 2557 756 2621 praeservare
783 2535 916 2600 iuvenes
943 2535 1022 2600 fecit
1050 2537 1208 2619 quosdam
1222 2553 1250 2594 2⁵
1332 2609 1333 2614 .

191 2623 296 2689 bonos
319 2624 468 2690 homines
487 2647 560 2690 cum
579 2627 645 2690 suis
664 2624 802 2689 navibus
822 2623 926 2689 dictae
949 2623 1075 2689 insulae
1093 2646 1209 2708 appro-

191 2713 350 2796 pinquare
373 2717 407 2778 at
428 2734 495 2779 non
518 2714 587 2778 sine
609 2735 685 2778 suae
709 2712 932 2795 dispositionis
951 2713 1124 2778 clementia
1147 2714 1208 2778 ibi-

192 2798 266 2864 dem
288 2802 473 2883 perrenire3
497 2803 552 2886 qui
575 2801 615 2865 de
636 2801 818 2884 perditione
841 2801 988 2884 ipsorum
1007 2802 1132 2866 miserti
1152 2824 1207 2866 eos

192 2887 233 2952 ad
246 2887 385 2952 Romam
399 2889 626 2972 perduxerunt.
656 2887 730 2973 Ego
750 2893 860 2953 autem
879 2891 1084 2974 paupercula,
1101 2890 1206 2955 filium

191 2998 300 3041 meum
324 2978 456 3042 omnino
484 2977 662 3061 perdidisse
686 2976 817 3042 credens
842 2978 967 3042 eteius
992 2978 1206 3062 perditionem
1220 2996 1253 3036 ιι
1332 3009 1333 3050 1

190 3086 248 3148 per
277 3065 381 3130 multa
408 3067 558 3149 tempora
584 3065 704 3129 deflens
728 3087 766 3129 ac
793 3064 832 3130 da
860 3066 929 3131 eius
952 3068 1207 3151 recuperatione,
1332 3073 1333 3076 ’

191 3175 287 3238 quem
305 3155 372 3218 iam
390 3159 468 3219 tuuc
486 3175 544 3237 per
563 3154 704 3238 quinque
722 3175 824 3219 annos
842 3155 1055 3239 perdideram,
1074 3157 1205 3221 omnino

190 3243 361 3328 desperata
388 3243 496 3328 ipsum
518 3263 584 3307 non
607 3243 711 3307 multo
740 3247 886 3327 tempore
911 3243 1021 3327 elapso
1044 3266 1111 3309 una
1134 3267 1205 3309 cum

189 3383 403 3394 —n———nn-

262 3458 275 3504 1
296 3451 459 3522 concepisse
477 3451 521 3518 D,
540 3450 696 3520 suscepisse
715 3451 751 3505 F.
828 3458 860 3508 14
880 3453 908 3506 et
922 3467 972 3509 otu.
988 3451 1025 3508 F.
1103 3459 1137 3508 26
1156 3469 1205 3523 ap·

188 3519 376 3590 propinquare
396 3522 437 3592 F,
455 3521 645 3593 propinquare
663 3522 700 3575 D.
