2688 4158
515 229 731 300 ..13-

115 389 357 477 solitudinibus,
376 414 474 478 quam
492 393 717 458 intermediam
737 394 875 460 scientes
899 393 939 460 ad
962 394 1126 479 perficien-

115 483 189 548 dam
216 504 293 548 suae
320 481 505 547 traditionis
533 482 702 566 perfidiam
727 482 986 568 praeelegerant,
1013 483 1127 569 rapido

114 575 213 637 ventu
235 571 373 654 provehi
397 574 581 656 coegerunt.
627 568 770 654 Cumque
794 572 834 637 ad
857 573 964 656 ipsam
986 573 1127 638 insulam

115 663 311 726 mercatores
338 660 494 743 praedicti
528 682 601 725 cum
635 662 701 726 suis
730 661 869 727 navibus
896 662 1129 746 pervenissent,

86 768 100 806 5
116 750 258 834 alligatis
273 749 411 816 navibus
426 770 460 814 se
478 753 671 814 nocturnam
686 747 831 834 requiem
849 751 969 816 ibidem
986 751 1127 834 recipere
1187 795 1189 800 -

114 839 198 904 velle
222 839 449 904 confinxerunt
470 842 503 904 et
526 842 678 904 exeuntes
702 839 741 904 de
763 841 900 905 navibus
925 839 1047 905 cibaria
1070 862 1129 905 sua

114 948 174 1012 pro
203 949 283 992 cena
311 927 346 992 in
373 929 478 1012 ipsam
507 928 646 994 insulam
669 950 864 1012 praeparare
886 929 1039 994 fecerunt.
1084 927 1129 994 Et

115 1037 196 1094 cena
232 1017 321 1082 faeta
357 1017 526 1101 noctisque
557 1017 700 1082 tenebris
733 1018 813 1084 lucis
846 1017 910 1082 diei
947 1018 1129 1084 claritatem

116 1105 386 1171 obumbrantibus
419 1109 613 1171 mercatores
644 1107 779 1190 pessimi
811 1106 1023 1172 nobilissimis
1054 1128 1128 1172 oon-

72 1213 100 1252 ιο
115 1195 246 1278 iugibus
269 1195 446 1260 tentorium
473 1195 596 1280 fingere
625 1199 658 1260 et
684 1196 720 1260 in
744 1216 780 1260 eo
804 1196 984 1261 thalamum
1007 1197 1041 1260 in
1065 1218 1128 1280 quo

114 1283 221 1348 noctis
250 1284 395 1368 requiem
424 1303 579 1368 peragere
609 1285 765 1350 deberent
794 1285 864 1348 fieri
893 1285 1008 1349 callida
1037 1307 1128 1350 man-

113 1373 281 1437 daverunt.

203 1459 305 1526 Facta
324 1464 432 1526 autem
450 1465 546 1528 noete
566 1461 644 1527 dicti
663 1463 816 1545 coniuges
834 1483 868 1526 se
887 1462 927 1526 ad
946 1462 1128 1528 thalamum
1137 1463 1181 1527 20

5 1625 8 1630 ¹
113 1551 221 1634 ipsum
251 1550 291 1614 iis
320 1571 387 1614 non
420 1550 461 1617 ad
490 1551 634 1635 requiem
667 1551 723 1616 sed
753 1551 794 1616 ad
823 1551 1016 1635 perditionis
1050 1573 1127 1616 suae

69 1656 97 1695 1⁵
114 1638 236 1704 dudum
268 1639 515 1723 praeordinatae
548 1640 716 1705 interitum
743 1644 894 1724 paratum
925 1641 1128 1705 intraverunt

113 1732 147 1793 et
174 1728 210 1792 in
238 1729 309 1812 ipso
338 1729 443 1793 omnis
470 1729 595 1794 fraudis
624 1733 657 1794 et
686 1730 850 1814 nequitiae
874 1750 955 1814 quae
984 1729 1022 1794 de
1045 1730 1127 1813 ipsis

112 1817 316 1882 tractabatur
344 1817 438 1882 inscii
466 1821 572 1883 totam
596 1822 726 1884 noctem
753 1820 789 1884 in
812 1819 942 1884 solaciis
966 1819 1072 1885 solitis
1095 1821 1129 1882 et

111 1906 222 1990 requie
242 1906 471 1990 expenderunt.
507 1907 637 1973 Aurora
656 1908 764 1973 aute'm
784 1915 891 1973 ortum
910 1908 973 1972 diei
993 1928 1127 1992 sequen·

79 2059 83 2064 .
111 1996 158 2059 tis
181 1995 346 2060 indicante
369 1999 563 2061 mercatores
586 1997 743 2080 praedicti
762 2000 884 2062 secrete
902 2000 1071 2081 surgentes
1095 2000 1128 2061 et

70 2100 99 2140 2⁰
113 2084 296 2169 cogitatum
319 2106 413 2149 suum
436 2085 616 2170 malignum
645 2085 687 2150 ad
713 2086 860 2151 effectum
883 2085 1055 2170 perducere
1078 2108 1127 2150 sa·

112 2175 265 2257 tegentes
288 2194 389 2238 naves
412 2173 571 2238 intrantes
594 2174 735 2240 dimissis
758 2179 835 2260 post
858 2197 892 2240 se
915 2175 1127 2240 nobilissimis

112 2262 306 2347 coniugibus
338 2261 442 2327 adhuc
471 2285 587 2347 sopore
617 2265 776 2349 depressis
807 2264 924 2330 abinde
953 2264 1067 2337 furtim
1095 2267 1128 2329 et

112 2351 261 2417 celeriter
290 2351 443 2436 navigare
467 2357 643 2436 coeperunt
664 2353 792 2418 familia
820 2353 1016 2436 interempta
1039 2353 1126 2437 eogi-

111 2444 223 2505 tantes
254 2441 300 2505 sic
330 2442 427 2506 etiam
455 2441 646 2507 innocentes
679 2441 812 2525 perdere
848 2442 1016 2526 coniuges,
1046 2462 1126 2525 quos

71 2545 97 2584 2⁵
112 2531 193 2595 deus
216 2529 502 2612 praeordinaverat
525 2530 566 2595 ad
589 2529 799 2608 obtinendum
819 2533 852 2594 et
870 2529 1045 2614 regendum
1066 2552 1125 2614 pro

110 2619 223 2684 futura
255 2618 406 2684 eeclesiae
439 2641 578 2704 sponsae
611 2640 687 2684 suae
720 2618 824 2683 salute
859 2618 963 2684 totius
998 2619 1150 2703 imperii

111 2709 339 2792 principatum.
432 2787 436 2794 ι

201 2795 297 2863 Mane
321 2800 430 2862 autem
446 2797 535 2862 facto
555 2797 708 2882 coniuges
727 2797 791 2881 ipsi
810 2797 1001 2882 evigilantes
1020 2797 1177 2880 coepit2l

112 2908 234 2972 sponsa
252 2885 357 2951 dicere
377 2908 496 2970 sponso
516 2909 590 2952 suo:
610 2885 792 2972 ‘surgamus
810 2909 851 2952 ne
870 2887 899 2952 si
916 2887 1001 2952 forte
1015 2908 1125 2971 super-

70 2989 97 3029 ³0
111 2976 247 3040 veniant
274 2979 468 3042 mercatores
497 2975 647 3060 magistri
674 2977 780 3042 nostri
808 2980 840 3041 et
866 2975 1035 3041 inveniant
1064 2997 1125 3041 uos

110 3065 227 3148 nudos,
247 3085 286 3128 ex
305 3084 368 3149 quo
387 3065 613 3130 verecundiam
632 3065 823 3149 recipiemus
842 3086 924 3148 quaa
942 3086 1010 3129 non
1027 3063 1126 3129 licet'.

110 3153 164 3218 Ad
183 3175 266 3239 quae
280 3150 515 3218 Constantinus
534 3153 731 3238 respondens
751 3155 813 3220 ait:
834 3153 1045 3218 ‘Permittetis
1064 3175 1125 3218 nos

111 3243 290 3327 quiescere;
317 3243 382 3326 ipsi
405 3243 492 3307 enim
513 3265 571 3327 per
595 3243 752 3308 familiam
776 3243 963 3326 deputatam
987 3263 1046 3306 nos
1071 3264 1124 3307 ex-

161 3459 217 3579 llt
241 3453 376 3578 stiparent
397 3454 510 3522 camsi,
533 3453 687 3509 debuerant
708 3455 785 3510 codd.
885 3459 919 3508 26
944 3451 1062 3506 ecclesie
1086 3451 1124 3517 1),

111 3539 233 3580 eccesia
281 3566 289 3581 .
