2688 4158
627 257 826 325 ..6-

220 425 253 487 et
271 420 411 506 amplius
430 421 465 484 in
484 419 608 485 deliciis
628 419 853 484 educaverunt.
885 417 971 483 Puer
987 421 1096 484 autem
1114 417 1237 503 puerili

218 532 309 577 more
331 511 372 575 de
394 513 488 574 tanta
510 508 738 592 procuratione
761 507 843 572 bene
871 511 1043 574 contentus
1067 505 1107 571 de
1131 511 1237 572 matre

219 600 380 665 modicum
405 597 645 664 sollicitabatur
666 617 726 660 nee
749 593 883 661 curarit.
1329 679 1330 682 Ἴ

183 686 202 749 8
305 687 413 753 Mater
439 707 515 751 vero
544 686 665 750 amisso
693 684 762 749 filio
790 685 897 769 coepit
924 685 1001 750 llere
1030 685 1235 751 amarissime
1329 685 1330 708 *

220 780 254 842 et
268 777 377 842 dolere
397 778 430 840 et
447 775 601 859 plangere
620 774 754 858 planctu
773 794 893 858 magno
913 773 1034 839 dicens:
1058 771 1098 838 ‘0
1112 775 1159 838 mi
1176 774 1262 858 fili,⁵

215 869 349 950 propter
377 869 411 929 te
434 863 579 928 natalem
606 863 747 946 patriam
775 863 931 945 dereliqui
955 867 1108 945 parentes
1137 865 1235 927 notos

217 958 250 1019 et
281 953 402 1017 amicos
436 951 506 1017 ullo
543 951 638 1017 modo
672 950 781 1016 videre
817 972 883 1015 non
915 952 1026 1016 curavi
1059 955 1091 1016 et
1124 973 1236 1016 eorum

218 1044 353 1126 propter
385 1043 417 1105 te
450 1040 566 1105 orbata
598 1039 761 1107 solucione
792 1043 899 1104 tecum
936 1041 971 1104 in
1007 1041 1104 1106 exilio
1132 1040 1236 1106 vitam

216 1129 311 1194 finire
340 1127 523 1194 deliberavi.
570 1127 665 1194 Nunc
693 1132 802 1194 autern
830 1150 892 1216 ego
919 1130 1117 1214 paupercula
1147 1131 1235 1195 omni

216 1218 334 1282 horum
354 1240 412 1302 spe
431 1217 587 1282 destituta
607 1240 670 1302 quo
688 1217 870 1284 divertam?
903 1215 954 1281 nd
974 1219 1115 1302 patriam
1129 1217 1234 1284 redire
1249 1235 1274 1274 1⁰

208 1311 250 1372 ‘et
269 1306 317 1371 ibi
336 1307 421 1371 inter
440 1306 561 1372 amicos
576 1306 679 1372 vitam
694 1308 782 1372 omni
800 1305 923 1371 solacio
942 1307 1100 1372 destituta
1119 1306 1234 1372 ducere

218 1394 295 1479 quid
329 1394 417 1461 eliud
451 1399 537 1461 esset
567 1419 664 1481 quam
697 1395 795 1461 morti
830 1393 955 1460 aditum
983 1395 1116 1461 cottidie
1144 1417 1235 1480 prae-

216 1485 355 1568 parare?
396 1483 512 1551 Melius
542 1489 592 1549 est
619 1484 701 1549 mihi
728 1485 814 1548 inter
839 1483 970 1569 ignotos
1002 1492 1034 1549 et
1064 1488 1233 1549 extraneos

215 1575 330 1639 mortis
354 1573 527 1657 imperium
549 1573 758 1657 praestolari,
787 1594 868 1657 quae
892 1576 929 1637 ut
957 1594 1051 1657 spero
1074 1573 1129 1638 hic
1152 1573 1234 1638 mihi

215 1662 311 1728 citius
330 1662 446 1745 rapiet,
464 1663 521 1727 ubi
539 1662 629 1725 nullo
649 1661 776 1725 reficior
794 1659 925 1745 solacio,
949 1683 1045 1746 quam
1066 1662 1231 1746 lupatria,
1247 1677 1273 1717 15

214 1751 272 1815 ubi
301 1750 440 1815 fortasse
471 1750 580 1832 aliquo
611 1749 790 1814 amicorum
823 1749 935 1814 adiuta
966 1749 1130 1835 praesidio
1164 1751 1232 1816 eius
1331 1789 1332 1822 1

213 1859 344 1921 possem
375 1837 498 1902 diutius
529 1837 703 1902 adventum
732 1837 955 1921 praestolare'.
998 1837 1059 1903 His
1090 1842 1124 1904 et
1151 1841 1232 1905 eius·
1331 1823 1332 1876 l

216 1926 304 1990 modi
331 1925 517 2009 planetibus
546 1926 664 1991 fortius
693 1931 726 1990 et
755 1927 884 2010 saepius
914 1927 1071 1992 revolutis
1102 1928 1234 1992 tandem

214 2015 413 2098 paupercula
449 2014 487 2078 de
528 2014 588 2079 filii
620 2015 864 2098 recuperatione
902 2015 1073 2100 desperata
1109 2017 1232 2082 rictum

216 2103 380 2187 inanibus,
411 2106 448 2168 ut
470 2103 560 2187 prius
585 2107 809 2187 consueverat,
833 2105 995 2190 quaesivit
1018 2109 1050 2169 et
1072 2105 1177 2170 ritem
1199 2108 1233 2170 in
1247 2119 1274 2160 ²⁰

216 2192 369 2257 continuo
397 2192 531 2275 planctu
558 2195 592 2256 et
615 2213 760 2276 maerore
788 2214 846 2276 per
873 2195 982 2276 plures
1006 2215 1108 2259 annos
1132 2194 1233 2258 duxit.
1332 2207 1333 2242 l

179 2279 199 2342 9
304 2280 449 2345 Tandem
477 2280 608 2364 reprobi
636 2284 832 2345 mercatores
865 2282 1022 2365 praedicti
1050 2283 1233 2366 cogitatum

215 2391 309 2434 suum
332 2369 513 2455 malignum
537 2369 577 2434 ad
601 2369 750 2434 effectum
777 2370 951 2453 perducere
975 2375 1163 2454 satagentes
1186 2394 1233 2436 re-

215 2459 351 2525 collecta
381 2459 514 2524 narium
552 2459 761 2523 multitudine
796 2459 836 2523 ad
870 2463 1010 2542 portum·
1036 2458 1233 2524 Graecorum

215 2548 383 2631 applicant
417 2548 526 2632 ibique
564 2545 816 2612 Constantinum
852 2569 989 2631 puerum
1029 2548 1232 2632 praedictum
1246 2559 1273 2601 2⁵

214 2633 360 2700 vestibus
398 2637 596 2701 ornamentis
634 2640 666 2700 et
698 2635 911 2720 apparatibus
942 2636 1042 2721 regiis
1075 2637 1233 2702 amictum

216 2745 323 2788 secum
358 2723 561 2789 adduxerunt
592 2727 625 2788 et
656 2725 788 2790 nuntios
822 2723 878 2807 qui
911 2724 1087 2790 adventum
1118 2747 1232 2791 eorum

216 2833 289 2876 cum
320 2811 408 2876 dioto
439 2833 539 2895 puero
574 2813 763 2895 imperatori
800 2811 998 2878 Graecorum
1034 2814 1233 2898 nuntiarent,

287 3045 303 3094 6
323 3037 461 3106 dereliqui
479 3039 517 3106 F,
536 3037 644 3106 deliqui
661 3038 698 3093 D.
773 3045 788 3093 t
808 3037 867 3093 ullo
885 3041 943 3110 ipse
962 3041 1073 3096 conieci.
1106 3045 1185 3096 affro
1203 3042 1234 3095 D

216 3111 358 3180 (animos),
379 3108 498 3164 amodo
517 3109 553 3164 Fi
587 3109 731 3176 Fortasse,
754 3111 836 3164 etiam
856 3111 998 3166 uerborum
1016 3112 1155 3180 positione
1173 3130 1233 3167 mu-

215 3188 275 3236 tata
299 3183 339 3236 sio
361 3181 533 3236 scribendum
555 3183 606 3234 cst:
631 3196 688 3234 non
714 3179 810 3234 curavi
832 3181 891 3236 ullo
914 3181 999 3236 modo
1020 3181 1124 3236 videre.
1200 3189 1233 3237 12

216 3252 344 3306 additum
357 3253 434 3307 codd.
507 3249 625 3304 cottidie
640 3253 716 3307 codd.
791 3257 824 3306 14
839 3254 868 3306 et
884 3257 916 3307 15
935 3252 1024 3308 Verbo
1041 3252 1088 3306 hic
1107 3251 1178 3306 mihi
1198 3285 1232 3294 -

216 3340 299 3390 quam
318 3340 368 3380 om.
388 3323 423 3376 F.
516 3329 549 3377 17
573 3320 746 3391 praestolare
770 3323 846 3378 codd.
870 3324 986 3388 sortaeoc
1008 3325 1090 3378 etiam
1108 3325 1234 3380 hocloco

215 3399 351 3462 utsupra
369 3395 541 3449 scribendam
559 3398 598 3447 eat
615 3391 791 3462 praestolari.
813 3425 844 3433 -
865 3393 927 3447 Hiis
947 3395 1023 3450 codd.
1107 3396 1153 3464 23)
1169 3401 1235 3465 post

215 3463 357 3517 recoleota
375 3464 406 3518 F
427 3463 458 3517 in
475 3465 573 3520 inserit
592 3465 664 3534 quod
681 3465 753 3518 deest
770 3465 801 3519 iu
820 3465 857 3518 D.
949 3471 983 3520 27
1001 3463 1137 3519 nunccios
1156 3467 1233 3522 codd.

216 3540 250 3588 28
269 3533 452 3590 nuncciarent
470 3537 546 3594 codd.
