2688 4158
621 221 812 284 ..4.-

212 380 320 465 coepit
343 379 473 465 suisque
496 379 646 444 manibus
670 379 793 444 victum
816 378 881 444 sibi
908 399 1062 463 quaerere
1086 377 1229 444 sollicite

213 470 382 556 cogitavit.
417 467 563 534 Donaria
586 471 695 533 autem
718 468 821 552 ipsius
844 467 1051 551 imperatoris
1074 467 1122 533 ita
1143 467 1230 551 apud

213 580 248 623 se
277 559 466 642 occultavit,
493 560 530 621 ut
559 561 665 621 essent
693 557 843 622 omnibus
867 555 1036 640 incognite
1057 558 1090 619 et
1111 555 1230 639 ignota

213 668 314 731 usque
344 648 380 712 in
411 646 495 710 diem
525 645 732 710 revelationis
767 646 912 729 ipsorum
943 644 1030 710 infra
1062 645 1229 728 scriptum.

212 735 371 801 Homines
395 737 503 799 autem
526 733 576 797 illi
599 755 671 798 cum
691 734 808 818 quibus
825 733 974 817 praefata
994 732 1121 799 Helena
1138 733 1257 798 habi-s

213 830 284 890 tare
312 822 420 906 coepit
447 821 592 887 videntes
620 823 689 888 eius
716 821 992 906 pulchritudinem
1019 842 1058 886 ac
1087 822 1230 886 sollicite

214 911 454 978 considerantes
482 931 610 975 morum
638 911 707 976 eius
736 914 769 977 et
791 911 949 976 virtutum
972 910 1170 995 elegantiam
1193 932 1232 975 ac

214 1001 364 1065 laborum
379 1020 511 1064 suorum
524 998 740 1083 frequentiam
755 1003 788 1064 et
801 999 993 1083 qualitatem
1013 999 1052 1062 de
1071 1017 1231 1082 generosa

215 1091 249 1152 et
270 1086 376 1152 nobili
399 1087 554 1171 prosapia
576 1089 736 1173 originem
759 1088 899 1154 traxisse
922 1087 1134 1152 aestimantes
1161 1108 1231 1152 coe-

214 1178 334 1260 perunt
357 1196 429 1240 eam
452 1198 550 1260 quam
571 1177 748 1260 plurimum
770 1176 906 1261 diligere
924 1178 958 1240 et
980 1196 1111 1256 omnem
1134 1197 1232 1260 quarn
1247 1193 1271 1232 1⁰

215 1266 368 1349 poterant
389 1264 547 1348 pietatem
570 1265 634 1329 sibi
657 1265 818 1330 exhibere.

181 1360 202 1423 5
306 1349 501 1419 succedente
534 1357 643 1419 autem
674 1359 821 1437 tempore
854 1355 887 1418 et
914 1351 1085 1436 completis
1118 1352 1232 1418 diebus

216 1440 342 1506 Helena
364 1441 492 1525 peperit
519 1442 623 1507 filium
646 1445 679 1507 et
700 1463 821 1509 nomen
843 1442 873 1506 ei
895 1445 1012 1524 patruo
1034 1463 1102 1506 non
1124 1441 1232 1507 incon·

216 1529 349 1595 veniens
379 1533 412 1594 et
440 1530 552 1595 exinde
580 1531 760 1596 derivatum
788 1531 957 1613 imponens
979 1527 1232 1595 Constantinum

215 1617 406 1683 nominavit.
447 1618 645 1684 Hominibus
673 1622 781 1684 autem
809 1619 890 1702 illis,
918 1639 991 1684 cum
1018 1619 1134 1702 quibus
1159 1634 1273 1684 con-1⁶

216 1706 423 1790 versabatur,
451 1707 491 1772 de
519 1712 612 1791 patre
635 1707 728 1791 pueri
752 1707 823 1792 quis
847 1710 933 1773 esset
955 1705 1234 1790 interrogantibus

219 1794 301 1860 dixit
327 1797 446 1879 mater,
475 1795 561 1880 quod
589 1817 662 1860 eum
690 1795 729 1861 de
757 1795 897 1880 quodam
925 1795 1009 1878 viro,
1042 1817 1138 1880 quem
1172 1795 1235 1860 sibi
1321 1865 1323 1870 ,

217 1885 368 1968 parentes
400 1883 436 1946 in
466 1884 617 1967 partibus
648 1883 814 1950 natalibus
850 1885 884 1948 in
920 1884 1073 1955 maritum
1106 1883 1235 1968 copula·

218 1974 347 2053 verant,
369 1992 473 2055 nuper
492 1971 642 2038 defuncto
663 1973 867 2057 suscepisset.
899 1970 1009 2038 Crevit
1027 1975 1138 2037 autem
1156 1994 1236 2056 puer
1328 2007 1329 2068 p

219 2059 282 2124 iste
306 2080 343 2123 ac
371 2059 410 2124 de
438 2060 532 2125 corde
560 2062 705 2127 virtuoso
734 2063 896 2127 virtuosae
924 2061 1037 2126 matris
1060 2061 1235 2126 virtutibus
1250 2077 1276 2117 2⁰

220 2152 253 2214 et
275 2147 371 2213 bonis
391 2149 536 2214 moribus
560 2149 755 2215 informatus
775 2173 813 2216 ao
836 2150 875 2215 de
894 2149 1062 2215 laboribus
1080 2172 1236 2216 manuum
1329 2173 1330 2200 i

220 2258 352 2302 suarum
385 2236 539 2302 educatus
572 2238 680 2322 coepit
715 2239 842 2322 plaeere
875 2239 1038 2322 omnibus,
1075 2239 1131 2322 qui
1168 2240 1236 2304 eius

221 2325 376 2390 notitiam
398 2325 595 2412 habuerunt,
622 2349 695 2392 cum
722 2333 809 2393 esset
824 2327 1073 2412 pulcherrimus
1096 2326 1132 2391 in
1155 2327 1238 2394 faeie

221 2413 311 2478 etin
334 2435 461 2480 morum
485 2416 674 2500 aptissimus
698 2415 878 2501 disciplina.

187 2510 208 2575 6
310 2502 360 2568 Eo
399 2506 508 2569 autem
544 2508 691 2588 tempore
727 2505 834 2591 viguit
870 2507 903 2569 et
935 2504 1055 2569 diutius
1087 2504 1239 2588 viguerat
1252 2518 1276 2559 2⁵

222 2611 343 2674 magna
367 2611 557 2675 guerrarum
576 2594 750 2659 commotio
770 2595 856 2658 inter
874 2593 1103 2676 imperatorem
1122 2593 1240 2657 Roma-

221 2701 300 2744 num
333 2675 564 2747 constantium
595 2681 798 2767 praedictum
830 2686 863 2746 et
892 2680 1124 2763 imperatorem
1155 2679 1239 2747 Gon·

223 2767 555 2851 stantinopolitanum
586 2793 642 2835 seu
675 2770 885 2852 Graecorum3
920 2772 952 2833 et
983 2770 1049 2834 iam
1081 2791 1139 2854 per
1170 2770 1240 2834 diu·

222 2855 414 2921 turnitatem
433 2861 678 2925 contentionum
695 2857 881 2924 huiusmodi
899 2858 994 2942 quasi
1011 2860 1085 2923 tota
1103 2857 1241 2924 Graecia

224 2965 297 3010 cum
331 2944 505 3032 Romanis,
544 2970 680 3033 quorum
715 2967 835 3031 magna
867 2950 945 3011 tunc
975 2946 1132 3030 temporis
1171 2951 1279 3013 crat³⁰

224 3033 383 3118 potentia,
403 3033 444 3098 ad
459 3037 762 3102 exterminationem
775 3035 907 3100 redacta
924 3034 993 3099 fere
1012 3034 1083 3099 fuit.
1115 3034 1242 3102 Eodem

224 3143 302 3187 vero
330 3125 476 3207 tempore
505 3129 598 3190 erant
626 3126 660 3190 in
683 3125 763 3188 urbe
786 3123 936 3189 Romana
960 3121 1022 3186 duo
1045 3123 1242 3206 praedivites

226 3214 436 3294 mercatores,
470 3213 508 3278 de
537 3215 654 3298 quibus
681 3213 858 3296 imperator
885 3210 1082 3275 Graecorum
1114 3215 1243 3278 tantam

299 3364 314 3412 ‘1
330 3372 362 3410 ae
377 3355 505 3411 laborum
519 3353 563 3418 D,
589 3353 619 3405 et
632 3350 760 3404 laborum
774 3349 811 3403 F.
884 3353 900 3402 8
921 3364 1033 3402 suorum
1052 3349 1102 3415 cfr.
1122 3351 1160 3404 od
1174 3368 1242 3422 pop.

227 3431 258 3492 5,
277 3431 324 3482 25.
399 3434 432 3483 18
452 3423 482 3478 in
510 3421 637 3493 partibus
663 3419 693 3473 in
715 3419 848 3474 maritum
866 3421 957 3486 codd,
981 3418 1123 3474 natalibus
1143 3422 1244 3477 addidi

228 3513 262 3551 ec
280 3499 369 3566 capite
387 3503 432 3554 35.
506 3500 539 3549 33
559 3492 668 3545 tantam
686 3491 778 3546 omisit
795 3491 831 3546 F.
