<?xml version="1.0" encoding="UTF-8"?>
<!DOCTYPE html PUBLIC "-//W3C//DTD XHTML 1.0 Transitional//EN"
    "http://www.w3.org/TR/xhtml1/DTD/xhtml1-transitional.dtd">
<html xmlns="http://www.w3.org/1999/xhtml" xml:lang="en" lang="en">
 <head>
  <title>
</title>
<meta http-equiv="Content-Type" content="text/html;charset=utf-8" />
  <meta name='ocr-system' content='tesseract 3.04.00' />
  <meta name='ocr-capabilities' content='ocr_page ocr_carea ocr_par ocr_line ocrx_word'/>
</head>
<body>
  <div class='ocr_page' id='page_1' title='image "./incertiauctoris00unkngoog_0035.png"; bbox 0 0 2688 4158; ppageno 0'>
   <div class='ocr_carea' id='block_1_1' title="bbox 639 212 858 278">
    <p class='ocr_par' dir='ltr' id='par_1_1' title="bbox 639 212 858 278">
     <span class='ocr_line' id='line_1_1' title="bbox 639 212 858 278; baseline -0.009 -18"><span class='ocrx_word' id='word_1_1' title='bbox 639 212 858 278; x_wconf 70' lang='lat'>„20-</span> 
     </span>
    </p>
   </div>
   <div class='ocr_carea' id='block_1_2' title="bbox 148 368 1340 2650">
    <p class='ocr_par' dir='ltr' id='par_1_2' title="bbox 188 368 1340 1608">
     <span class='ocr_line' id='line_1_2' title="bbox 188 368 1258 438; baseline 0.006 -5"><span class='ocrx_word' id='word_1_2' title='bbox 188 370 229 434; x_wconf 82' lang='lat'>31</span> <span class='ocrx_word' id='word_1_3' title='bbox 330 370 391 436; x_wconf 92' lang='lat' dir='ltr'>His</span> <span class='ocrx_word' id='word_1_4' title='bbox 424 393 499 438; x_wconf 87' lang='lat' dir='ltr'>vero</span> <span class='ocrx_word' id='word_1_5' title='bbox 532 371 567 436; x_wconf 92' lang='lat' dir='ltr'>in</span> <span class='ocrx_word' id='word_1_6' title='bbox 596 371 691 436; x_wconf 88' lang='lat' dir='ltr'>corde</span> <span class='ocrx_word' id='word_1_7' title='bbox 718 391 776 438; x_wconf 88' lang='lat' dir='ltr'>suo</span> <span class='ocrx_word' id='word_1_8' title='bbox 805 370 902 438; x_wconf 86' lang='lat' dir='ltr'>dictis</span> <span class='ocrx_word' id='word_1_9' title='bbox 930 368 1057 436; x_wconf 90' lang='lat' dir='ltr'>Helena</span> <span class='ocrx_word' id='word_1_10' title='bbox 1087 372 1258 438; x_wconf 87' lang='lat' dir='ltr'>encenium</span> 
     </span>
     <span class='ocr_line' id='line_1_3' title="bbox 240 451 1340 546; baseline 0 -21"><span class='ocrx_word' id='word_1_11' title='bbox 240 460 443 546; x_wconf 88' lang='lat' dir='ltr'>praedictum</span> <span class='ocrx_word' id='word_1_12' title='bbox 461 460 500 525; x_wconf 92' lang='lat' dir='ltr'>de</span> <span class='ocrx_word' id='word_1_13' title='bbox 519 482 618 526; x_wconf 89' lang='lat' dir='ltr'>manu</span> <span class='ocrx_word' id='word_1_14' title='bbox 636 481 737 524; x_wconf 88' lang='lat' dir='ltr'>nurus</span> <span class='ocrx_word' id='word_1_15' title='bbox 755 480 833 524; x_wconf 85' lang='lat' dir='ltr'>suae</span> <span class='ocrx_word' id='word_1_16' title='bbox 851 459 974 542; x_wconf 87' lang='lat' dir='ltr'>recepit</span> <span class='ocrx_word' id='word_1_17' title='bbox 992 459 1164 544; x_wconf 89' lang='lat' dir='ltr'>ipsumque</span> <span class='ocrx_word' id='word_1_18' title='bbox 1183 465 1259 545; x_wconf 87' lang='lat' dir='ltr'>post</span> <span class='ocrx_word' id='word_1_19' title='bbox 1338 451 1340 518; x_wconf 66' lang='grc' dir='ltr'>Ϊ</span> 
     </span>
     <span class='ocr_line' id='line_1_4' title="bbox 239 546 1260 634; baseline -0.001 -18"><span class='ocrx_word' id='word_1_20' title='bbox 239 549 320 616; x_wconf 91' lang='lat' dir='ltr'>haec</span> <span class='ocrx_word' id='word_1_21' title='bbox 347 571 414 615; x_wconf 90' lang='lat' dir='ltr'>non</span> <span class='ocrx_word' id='word_1_22' title='bbox 440 548 554 614; x_wconf 86' lang='lat' dir='ltr'>multis</span> <span class='ocrx_word' id='word_1_23' title='bbox 582 547 702 632; x_wconf 88' lang='lat' dir='ltr'>elapsis</span> <span class='ocrx_word' id='word_1_24' title='bbox 731 546 845 614; x_wconf 89' lang='lat' dir='ltr'>diebus</span> <span class='ocrx_word' id='word_1_25' title='bbox 874 546 1022 612; x_wconf 89' lang='lat' dir='ltr'>vendidit</span> <span class='ocrx_word' id='word_1_26' title='bbox 1048 569 1108 630; x_wconf 82' lang='lat' dir='ltr'>pro</span> <span class='ocrx_word' id='word_1_27' title='bbox 1137 569 1260 634; x_wconf 84' lang='lat' dir='ltr'>magna</span> 
     </span>
     <span class='ocr_line' id='line_1_5' title="bbox 240 635 1258 723; baseline -0.003 -19"><span class='ocrx_word' id='word_1_28' title='bbox 240 639 396 723; x_wconf 87' lang='lat' dir='ltr'>pecuniae</span> <span class='ocrx_word' id='word_1_29' title='bbox 423 637 619 721; x_wconf 82' lang='lat' dir='ltr'>quantitate3</span> <span class='ocrx_word' id='word_1_30' title='bbox 647 635 687 701; x_wconf 91' lang='lat' dir='ltr'>de</span> <span class='ocrx_word' id='word_1_31' title='bbox 714 636 803 702; x_wconf 89' lang='lat' dir='ltr'>cuius</span> <span class='ocrx_word' id='word_1_32' title='bbox 832 636 962 720; x_wconf 90' lang='lat' dir='ltr'>quidem</span> <span class='ocrx_word' id='word_1_33' title='bbox 984 636 1141 720; x_wconf 87' lang='lat' dir='ltr'>pecuniae</span> <span class='ocrx_word' id='word_1_34' title='bbox 1165 643 1258 721; x_wconf 89' lang='lat' dir='ltr'>parte</span> 
     </span>
     <span class='ocr_line' id='line_1_6' title="bbox 240 725 1281 810; baseline -0.005 -16"><span class='ocrx_word' id='word_1_35' title='bbox 240 749 342 794; x_wconf 90' lang='lat' dir='ltr'>unum</span> <span class='ocrx_word' id='word_1_36' title='bbox 369 725 584 806; x_wconf 75' lang='lat' dir='ltr'>domicilium,</span> <span class='ocrx_word' id='word_1_37' title='bbox 611 725 646 789; x_wconf 92' lang='lat' dir='ltr'>in</span> <span class='ocrx_word' id='word_1_38' title='bbox 673 745 736 808; x_wconf 91' lang='lat' dir='ltr'>quo</span> <span class='ocrx_word' id='word_1_39' title='bbox 762 746 820 808; x_wconf 90' lang='lat' dir='ltr'>per</span> <span class='ocrx_word' id='word_1_40' title='bbox 843 725 955 808; x_wconf 90' lang='lat' dir='ltr'>aliqua</span> <span class='ocrx_word' id='word_1_41' title='bbox 977 726 1126 808; x_wconf 88' lang='lat' dir='ltr'>tempora</span> <span class='ocrx_word' id='word_1_42' title='bbox 1149 725 1281 810; x_wconf 74' lang='lat' dir='ltr'>hospi-⁵</span> 
     </span>
     <span class='ocr_line' id='line_1_7' title="bbox 240 811 1340 898; baseline 0.003 -17"><span class='ocrx_word' id='word_1_43' title='bbox 240 817 324 881; x_wconf 89' lang='lat' dir='ltr'>tium</span> <span class='ocrx_word' id='word_1_44' title='bbox 347 814 479 879; x_wconf 86' lang='lat' dir='ltr'>advenis</span> <span class='ocrx_word' id='word_1_45' title='bbox 497 814 604 878; x_wconf 88' lang='lat' dir='ltr'>tenuit</span> <span class='ocrx_word' id='word_1_46' title='bbox 622 816 655 878; x_wconf 90' lang='lat' dir='ltr'>et</span> <span class='ocrx_word' id='word_1_47' title='bbox 675 811 821 898; x_wconf 76' lang='lat' dir='ltr'>hospites</span> <span class='ocrx_word' id='word_1_48' title='bbox 840 813 1103 897; x_wconf 77' lang='lat' dir='ltr'>supervenientes</span> <span class='ocrx_word' id='word_1_49' title='bbox 1127 814 1260 898; x_wconf 87' lang='lat' dir='ltr'>recepit,</span> <span class='ocrx_word' id='word_1_50' title='bbox 1339 855 1340 884; x_wconf 58' lang='lat' dir='ltr'>v</span> 
     </span>
     <span class='ocr_line' id='line_1_8' title="bbox 240 901 1260 986; baseline -0.004 -16"><span class='ocrx_word' id='word_1_51' title='bbox 240 903 452 986; x_wconf 89' lang='lat' dir='ltr'>comparavit.</span> <span class='ocrx_word' id='word_1_52' title='bbox 502 901 548 968; x_wconf 82' lang='lat' dir='ltr'>Et</span> <span class='ocrx_word' id='word_1_53' title='bbox 580 901 627 966; x_wconf 90' lang='lat' dir='ltr'>sic</span> <span class='ocrx_word' id='word_1_54' title='bbox 657 902 745 968; x_wconf 86' lang='lat' dir='ltr'>faeta</span> <span class='ocrx_word' id='word_1_55' title='bbox 779 901 974 985; x_wconf 83' lang='lat' dir='ltr'>stabularia,</span> <span class='ocrx_word' id='word_1_56' title='bbox 1010 923 1045 966; x_wconf 89' lang='lat' dir='ltr'>se</span> <span class='ocrx_word' id='word_1_57' title='bbox 1079 901 1195 968; x_wconf 83' lang='lat' dir='ltr'>exinde</span> <span class='ocrx_word' id='word_1_58' title='bbox 1228 907 1260 968; x_wconf 90' lang='lat' dir='ltr'>et</span> 
     </span>
     <span class='ocr_line' id='line_1_9' title="bbox 240 989 1340 1066; baseline -0.001 -10"><span class='ocrx_word' id='word_1_59' title='bbox 240 1012 359 1056; x_wconf 89' lang='lat' dir='ltr'>nurum</span> <span class='ocrx_word' id='word_1_60' title='bbox 390 1011 484 1054; x_wconf 90' lang='lat' dir='ltr'>suam</span> <span class='ocrx_word' id='word_1_61' title='bbox 515 1012 580 1054; x_wconf 90' lang='lat' dir='ltr'>una</span> <span class='ocrx_word' id='word_1_62' title='bbox 612 1011 684 1056; x_wconf 91' lang='lat' dir='ltr'>cum</span> <span class='ocrx_word' id='word_1_63' title='bbox 716 990 784 1056; x_wconf 87' lang='lat' dir='ltr'>filie</span> <span class='ocrx_word' id='word_1_64' title='bbox 817 1011 876 1056; x_wconf 89' lang='lat' dir='ltr'>suo</span> <span class='ocrx_word' id='word_1_65' title='bbox 910 990 1067 1056; x_wconf 72' lang='lat' dir='ltr'>enutrivit</span> <span class='ocrx_word' id='word_1_66' title='bbox 1098 989 1259 1057; x_wconf 88' lang='lat' dir='ltr'>decenter.</span> <span class='ocrx_word' id='word_1_67' title='bbox 1338 1031 1340 1066; x_wconf 70' lang='lat'>,</span> 
     </span>
     <span class='ocr_line' id='line_1_10' title="bbox 241 1075 1340 1162; baseline 0.002 -18"><span class='ocrx_word' id='word_1_68' title='bbox 241 1077 351 1144; x_wconf 90' lang='lat' dir='ltr'>Nurus</span> <span class='ocrx_word' id='word_1_69' title='bbox 379 1097 457 1143; x_wconf 90' lang='lat' dir='ltr'>vero</span> <span class='ocrx_word' id='word_1_70' title='bbox 483 1077 628 1144; x_wconf 78' lang='lat' dir='ltr'>Helenae</span> <span class='ocrx_word' id='word_1_71' title='bbox 656 1079 691 1144; x_wconf 90' lang='lat' dir='ltr'>in</span> <span class='ocrx_word' id='word_1_72' title='bbox 718 1081 848 1144; x_wconf 85' lang='lat' dir='ltr'>textura</span> <span class='ocrx_word' id='word_1_73' title='bbox 880 1100 1017 1162; x_wconf 88' lang='lat' dir='ltr'>operum</span> <span class='ocrx_word' id='word_1_74' title='bbox 1049 1079 1259 1146; x_wconf 86' lang='lat' dir='ltr'>muliebrium</span> <span class='ocrx_word' id='word_1_75' title='bbox 1339 1075 1340 1096; x_wconf 56' lang='lat'><em>*</em></span> 
     </span>
     <span class='ocr_line' id='line_1_11' title="bbox 242 1165 1340 1251; baseline 0.002 -19"><span class='ocrx_word' id='word_1_76' title='bbox 242 1170 507 1250; x_wconf 88' lang='lat' dir='ltr'>sumptuosorum</span> <span class='ocrx_word' id='word_1_77' title='bbox 521 1171 554 1233; x_wconf 90' lang='lat' dir='ltr'>et</span> <span class='ocrx_word' id='word_1_78' title='bbox 567 1167 729 1234; x_wconf 88' lang='lat' dir='ltr'>nobilium</span> <span class='ocrx_word' id='word_1_79' title='bbox 747 1165 921 1232; x_wconf 87' lang='lat' dir='ltr'>seeundum</span> <span class='ocrx_word' id='word_1_80' title='bbox 940 1168 1026 1251; x_wconf 89' lang='lat' dir='ltr'>quod</span> <span class='ocrx_word' id='word_1_81' title='bbox 1041 1189 1133 1232; x_wconf 85' lang='lat' dir='ltr'>suam</span> <span class='ocrx_word' id='word_1_82' title='bbox 1152 1168 1260 1234; x_wconf 89' lang='lat' dir='ltr'>decuit</span> <span class='ocrx_word' id='word_1_83' title='bbox 1272 1186 1297 1225; x_wconf 83' lang='lat'>1⁰</span> <span class='ocrx_word' id='word_1_84' title='bbox 1339 1227 1340 1250; x_wconf 63' lang='lat'>,</span> 
     </span>
     <span class='ocr_line' id='line_1_12' title="bbox 242 1253 1259 1324; baseline 0.002 -4"><span class='ocrx_word' id='word_1_85' title='bbox 242 1255 463 1321; x_wconf 86' lang='lat' dir='ltr'>condicionem</span> <span class='ocrx_word' id='word_1_86' title='bbox 486 1278 574 1322; x_wconf 88' lang='lat' dir='ltr'>more</span> <span class='ocrx_word' id='word_1_87' title='bbox 599 1256 820 1322; x_wconf 78' lang='lat' dir='ltr'>subtilitatum</span> <span class='ocrx_word' id='word_1_88' title='bbox 843 1253 999 1321; x_wconf 73' lang='lat' dir='ltr'>Graeciae</span> <span class='ocrx_word' id='word_1_89' title='bbox 1025 1257 1107 1324; x_wconf 86' lang='lat' dir='ltr'>bene</span> <span class='ocrx_word' id='word_1_90' title='bbox 1131 1256 1259 1322; x_wconf 86' lang='lat' dir='ltr'>erudite</span> 
     </span>
     <span class='ocr_line' id='line_1_13' title="bbox 242 1344 1259 1428; baseline 0.001 -19"><span class='ocrx_word' id='word_1_91' title='bbox 242 1344 362 1410; x_wconf 89' lang='lat' dir='ltr'>bonam</span> <span class='ocrx_word' id='word_1_92' title='bbox 381 1345 552 1428; x_wconf 89' lang='lat' dir='ltr'>pecuniam</span> <span class='ocrx_word' id='word_1_93' title='bbox 570 1345 608 1410; x_wconf 91' lang='lat' dir='ltr'>de</span> <span class='ocrx_word' id='word_1_94' title='bbox 627 1345 739 1412; x_wconf 90' lang='lat' dir='ltr'>labore</span> <span class='ocrx_word' id='word_1_95' title='bbox 753 1365 907 1410; x_wconf 85' lang='lat' dir='ltr'>manuum</span> <span class='ocrx_word' id='word_1_96' title='bbox 926 1345 1059 1410; x_wconf 78' lang='lat' dir='ltr'>cottidie</span> <span class='ocrx_word' id='word_1_97' title='bbox 1073 1345 1259 1411; x_wconf 83' lang='lat' dir='ltr'>lucrabatur</span> 
     </span>
     <span class='ocr_line' id='line_1_14' title="bbox 242 1431 1258 1519; baseline 0.001 -21"><span class='ocrx_word' id='word_1_98' title='bbox 242 1435 276 1498; x_wconf 91' lang='lat' dir='ltr'>et</span> <span class='ocrx_word' id='word_1_99' title='bbox 298 1431 443 1500; x_wconf 81' lang='lat' dir='ltr'>Helenae</span> <span class='ocrx_word' id='word_1_100' title='bbox 466 1438 623 1519; x_wconf 87' lang='lat' dir='ltr'>tanquam</span> <span class='ocrx_word' id='word_1_101' title='bbox 647 1455 724 1498; x_wconf 87' lang='lat' dir='ltr'>suae</span> <span class='ocrx_word' id='word_1_102' title='bbox 751 1432 901 1498; x_wconf 86' lang='lat' dir='ltr'>dominae</span> <span class='ocrx_word' id='word_1_103' title='bbox 930 1433 1103 1499; x_wconf 89' lang='lat' dir='ltr'>oboediens</span> <span class='ocrx_word' id='word_1_104' title='bbox 1127 1438 1161 1500; x_wconf 91' lang='lat' dir='ltr'>et</span> <span class='ocrx_word' id='word_1_105' title='bbox 1184 1434 1258 1499; x_wconf 86' lang='lat' dir='ltr'>sub-</span> 
     </span>
     <span class='ocr_line' id='line_1_15' title="bbox 242 1521 1258 1608; baseline 0 -22"><span class='ocrx_word' id='word_1_106' title='bbox 242 1522 328 1588; x_wconf 89' lang='lat' dir='ltr'>iecta</span> <span class='ocrx_word' id='word_1_107' title='bbox 351 1523 487 1607; x_wconf 89' lang='lat' dir='ltr'>obsequi</span> <span class='ocrx_word' id='word_1_108' title='bbox 504 1545 570 1590; x_wconf 92' lang='lat' dir='ltr'>non</span> <span class='ocrx_word' id='word_1_109' title='bbox 593 1521 832 1608; x_wconf 80' lang='lat' dir='ltr'>dedignabatur</span> <span class='ocrx_word' id='word_1_110' title='bbox 849 1521 885 1586; x_wconf 91' lang='lat' dir='ltr'>in</span> <span class='ocrx_word' id='word_1_111' title='bbox 903 1522 1055 1588; x_wconf 89' lang='lat' dir='ltr'>omnibus</span> <span class='ocrx_word' id='word_1_112' title='bbox 1075 1524 1109 1587; x_wconf 90' lang='lat' dir='ltr'>et</span> <span class='ocrx_word' id='word_1_113' title='bbox 1128 1522 1258 1588; x_wconf 89' lang='lat' dir='ltr'>servire.</span> 
     </span>
    </p>

    <p class='ocr_par' dir='ltr' id='par_1_3' title="bbox 189 1604 1340 2049">
     <span class='ocr_line' id='line_1_16' title="bbox 189 1604 1299 1696; baseline 0 -20"><span class='ocrx_word' id='word_1_114' title='bbox 189 1604 233 1670; x_wconf 83' lang='lat'>32</span> <span class='ocrx_word' id='word_1_115' title='bbox 331 1605 566 1678; x_wconf 68' lang='lat' dir='ltr'>Constantinus</span> <span class='ocrx_word' id='word_1_116' title='bbox 580 1613 690 1677; x_wconf 88' lang='lat' dir='ltr'>autem</span> <span class='ocrx_word' id='word_1_117' title='bbox 708 1631 786 1676; x_wconf 88' lang='lat' dir='ltr'>snae</span> <span class='ocrx_word' id='word_1_118' title='bbox 803 1629 940 1693; x_wconf 89' lang='lat' dir='ltr'>sequens</span> <span class='ocrx_word' id='word_1_119' title='bbox 957 1609 1142 1675; x_wconf 76' lang='lat' dir='ltr'>nobilitatis</span> <span class='ocrx_word' id='word_1_120' title='bbox 1162 1610 1299 1696; x_wconf 78' lang='lat' dir='ltr'>origi-1⁵</span> 
     </span>
     <span class='ocr_line' id='line_1_17' title="bbox 242 1698 1261 1783; baseline 0 -20"><span class='ocrx_word' id='word_1_121' title='bbox 242 1721 332 1778; x_wconf 90' lang='lat' dir='ltr'>nem,</span> <span class='ocrx_word' id='word_1_122' title='bbox 359 1719 458 1782; x_wconf 92' lang='lat' dir='ltr'>quam</span> <span class='ocrx_word' id='word_1_123' title='bbox 485 1702 596 1764; x_wconf 85' lang='lat' dir='ltr'>tamen</span> <span class='ocrx_word' id='word_1_124' title='bbox 624 1699 753 1782; x_wconf 86' lang='lat' dir='ltr'>penitus</span> <span class='ocrx_word' id='word_1_125' title='bbox 781 1699 958 1783; x_wconf 80' lang='lat' dir='ltr'>ignoravit,</span> <span class='ocrx_word' id='word_1_126' title='bbox 982 1721 1017 1764; x_wconf 89' lang='lat' dir='ltr'>se</span> <span class='ocrx_word' id='word_1_127' title='bbox 1039 1720 1080 1764; x_wconf 85' lang='lat' dir='ltr'>ex</span> <span class='ocrx_word' id='word_1_128' title='bbox 1096 1698 1261 1766; x_wconf 78' lang='lat' dir='ltr'>&#39;instinctu</span> 
     </span>
     <span class='ocr_line' id='line_1_18' title="bbox 244 1787 1260 1873; baseline 0.002 -23"><span class='ocrx_word' id='word_1_129' title='bbox 244 1787 397 1871; x_wconf 88' lang='lat' dir='ltr'>quodam,</span> <span class='ocrx_word' id='word_1_130' title='bbox 425 1807 521 1870; x_wconf 90' lang='lat' dir='ltr'>quem</span> <span class='ocrx_word' id='word_1_131' title='bbox 550 1787 622 1851; x_wconf 49' lang='lat' dir='ltr'>sibi¹</span> <span class='ocrx_word' id='word_1_132' title='bbox 639 1790 758 1852; x_wconf 89' lang='lat' dir='ltr'>natura</span> <span class='ocrx_word' id='word_1_133' title='bbox 791 1807 830 1851; x_wconf 84' lang='lat' dir='ltr'>ex</span> <span class='ocrx_word' id='word_1_134' title='bbox 856 1787 962 1852; x_wconf 89' lang='lat' dir='ltr'>nobili</span> <span class='ocrx_word' id='word_1_135' title='bbox 994 1787 1154 1873; x_wconf 77' lang='lat' dir='ltr'>sanguine</span> <span class='ocrx_word' id='word_1_136' title='bbox 1187 1809 1260 1872; x_wconf 87' lang='lat' dir='ltr'>pro-</span> 
     </span>
     <span class='ocr_line' id='line_1_19' title="bbox 243 1874 1261 1959; baseline 0.002 -20"><span class='ocrx_word' id='word_1_137' title='bbox 243 1877 354 1941; x_wconf 87' lang='lat' dir='ltr'>creata</span> <span class='ocrx_word' id='word_1_138' title='bbox 383 1874 630 1959; x_wconf 80' lang='lat' dir='ltr'>ingeminavit,</span> <span class='ocrx_word' id='word_1_139' title='bbox 659 1875 700 1940; x_wconf 90' lang='lat' dir='ltr'>ad</span> <span class='ocrx_word' id='word_1_140' title='bbox 723 1879 815 1940; x_wconf 90' lang='lat' dir='ltr'>actus</span> <span class='ocrx_word' id='word_1_141' title='bbox 839 1875 999 1942; x_wconf 86' lang='lat' dir='ltr'>militares</span> <span class='ocrx_word' id='word_1_142' title='bbox 1023 1898 1058 1940; x_wconf 90' lang='lat' dir='ltr'>se</span> <span class='ocrx_word' id='word_1_143' title='bbox 1081 1875 1180 1941; x_wconf 89' lang='lat' dir='ltr'>dedit.</span> <span class='ocrx_word' id='word_1_144' title='bbox 1216 1876 1261 1941; x_wconf 79' lang='lat' dir='ltr'>Et</span> 
     </span>
     <span class='ocr_line' id='line_1_20' title="bbox 244 1962 1340 2049; baseline 0.004 -22"><span class='ocrx_word' id='word_1_145' title='bbox 244 1963 280 2028; x_wconf 90' lang='lat' dir='ltr'>in</span> <span class='ocrx_word' id='word_1_146' title='bbox 301 1964 432 2028; x_wconf 85' lang='lat' dir='ltr'>tantum</span> <span class='ocrx_word' id='word_1_147' title='bbox 455 1963 490 2027; x_wconf 92' lang='lat' dir='ltr'>in</span> <span class='ocrx_word' id='word_1_148' title='bbox 511 1962 698 2029; x_wconf 86' lang='lat' dir='ltr'>hastiludiis</span> <span class='ocrx_word' id='word_1_149' title='bbox 721 1966 754 2029; x_wconf 88' lang='lat' dir='ltr'>et</span> <span class='ocrx_word' id='word_1_150' title='bbox 776 1964 1012 2030; x_wconf 88' lang='lat' dir='ltr'>torneamentis</span> <span class='ocrx_word' id='word_1_151' title='bbox 1030 1969 1064 2030; x_wconf 88' lang='lat' dir='ltr'>et</span> <span class='ocrx_word' id='word_1_152' title='bbox 1082 1964 1158 2029; x_wconf 90' lang='lat' dir='ltr'>aliis</span> <span class='ocrx_word' id='word_1_153' title='bbox 1177 1966 1261 2030; x_wconf 88' lang='lat' dir='ltr'>mili-</span> <span class='ocrx_word' id='word_1_154' title='bbox 1339 1993 1340 2049; x_wconf 59' lang='lat' dir='ltr'>v</span> 
     </span>
    </p>

    <p class='ocr_par' dir='ltr' id='par_1_4' title="bbox 148 2050 1300 2650">
     <span class='ocr_line' id='line_1_21' title="bbox 148 2050 1300 2137; baseline 0.003 -21"><span class='ocrx_word' id='word_1_155' title='bbox 148 2095 151 2101; x_wconf 75' lang='lat'>,</span> <span class='ocrx_word' id='word_1_156' title='bbox 243 2050 369 2116; x_wconf 87' lang='lat' dir='ltr'>taribus</span> <span class='ocrx_word' id='word_1_157' title='bbox 394 2051 520 2116; x_wconf 86' lang='lat' dir='ltr'>actibus</span> <span class='ocrx_word' id='word_1_158' title='bbox 545 2073 580 2116; x_wconf 89' lang='lat' dir='ltr'>se</span> <span class='ocrx_word' id='word_1_159' title='bbox 599 2073 747 2118; x_wconf 87' lang='lat' dir='ltr'>exercere</span> <span class='ocrx_word' id='word_1_160' title='bbox 766 2052 886 2136; x_wconf 90' lang='lat' dir='ltr'>coepit,</span> <span class='ocrx_word' id='word_1_161' title='bbox 910 2053 996 2137; x_wconf 88' lang='lat' dir='ltr'>quod</span> <span class='ocrx_word' id='word_1_162' title='bbox 1018 2053 1152 2120; x_wconf 89' lang='lat' dir='ltr'>tandem</span> <span class='ocrx_word' id='word_1_163' title='bbox 1175 2054 1300 2120; x_wconf 75' lang='lat' dir='ltr'>interro</span> 
     </span>
     <span class='ocr_line' id='line_1_22' title="bbox 243 2139 1262 2226; baseline 0.001 -21"><span class='ocrx_word' id='word_1_164' title='bbox 243 2160 356 2205; x_wconf 85' lang='lat' dir='ltr'>omnes</span> <span class='ocrx_word' id='word_1_165' title='bbox 385 2139 507 2205; x_wconf 87' lang='lat' dir='ltr'>milites</span> <span class='ocrx_word' id='word_1_166' title='bbox 536 2143 569 2205; x_wconf 90' lang='lat' dir='ltr'>et</span> <span class='ocrx_word' id='word_1_167' title='bbox 596 2140 737 2225; x_wconf 90' lang='lat' dir='ltr'>nobiles,</span> <span class='ocrx_word' id='word_1_168' title='bbox 764 2162 902 2224; x_wconf 87' lang='lat' dir='ltr'>quorum</span> <span class='ocrx_word' id='word_1_169' title='bbox 930 2145 1007 2207; x_wconf 88' lang='lat' dir='ltr'>tunc</span> <span class='ocrx_word' id='word_1_170' title='bbox 1036 2142 1195 2226; x_wconf 88' lang='lat' dir='ltr'>temporis</span> <span class='ocrx_word' id='word_1_171' title='bbox 1227 2144 1262 2207; x_wconf 88' lang='lat' dir='ltr'>in</span> 
     </span>
     <span class='ocr_line' id='line_1_23' title="bbox 243 2226 1261 2314; baseline 0.005 -23"><span class='ocrx_word' id='word_1_172' title='bbox 243 2226 350 2292; x_wconf 86' lang='lat' dir='ltr'>Roma</span> <span class='ocrx_word' id='word_1_173' title='bbox 383 2231 453 2293; x_wconf 88' lang='lat' dir='ltr'>eret</span> <span class='ocrx_word' id='word_1_174' title='bbox 485 2233 518 2294; x_wconf 90' lang='lat' dir='ltr'>et</span> <span class='ocrx_word' id='word_1_175' title='bbox 555 2229 689 2295; x_wconf 87' lang='lat' dir='ltr'>cottidie</span> <span class='ocrx_word' id='word_1_176' title='bbox 721 2229 760 2294; x_wconf 92' lang='lat' dir='ltr'>de</span> <span class='ocrx_word' id='word_1_177' title='bbox 789 2229 937 2295; x_wconf 89' lang='lat' dir='ltr'>omnibus</span> <span class='ocrx_word' id='word_1_178' title='bbox 969 2231 1080 2296; x_wconf 90' lang='lat' dir='ltr'>mundi</span> <span class='ocrx_word' id='word_1_179' title='bbox 1112 2231 1261 2314; x_wconf 88' lang='lat' dir='ltr'>partibus</span> 
     </span>
     <span class='ocr_line' id='line_1_24' title="bbox 243 2315 1261 2404; baseline 0.007 -25"><span class='ocrx_word' id='word_1_180' title='bbox 243 2315 365 2381; x_wconf 90' lang='lat' dir='ltr'>ibidem</span> <span class='ocrx_word' id='word_1_181' title='bbox 393 2316 578 2382; x_wconf 87' lang='lat' dir='ltr'>confluebat</span> <span class='ocrx_word' id='word_1_182' title='bbox 604 2317 851 2384; x_wconf 89' lang='lat' dir='ltr'>innumerabilis</span> <span class='ocrx_word' id='word_1_183' title='bbox 879 2318 987 2403; x_wconf 89' lang='lat' dir='ltr'>copia,</span> <span class='ocrx_word' id='word_1_184' title='bbox 1014 2319 1071 2404; x_wconf 89' lang='lat' dir='ltr'>qui</span> <span class='ocrx_word' id='word_1_185' title='bbox 1094 2340 1128 2383; x_wconf 92' lang='lat' dir='ltr'>se</span> <span class='ocrx_word' id='word_1_186' title='bbox 1151 2319 1261 2386; x_wconf 89' lang='lat' dir='ltr'>huius·</span> 
     </span>
     <span class='ocr_line' id='line_1_25' title="bbox 244 2404 1261 2490; baseline 0.005 -20"><span class='ocrx_word' id='word_1_187' title='bbox 244 2404 333 2470; x_wconf 90' lang='lat' dir='ltr'>modi</span> <span class='ocrx_word' id='word_1_188' title='bbox 357 2405 486 2472; x_wconf 87' lang='lat' dir='ltr'>solaciis</span> <span class='ocrx_word' id='word_1_189' title='bbox 505 2406 657 2474; x_wconf 87' lang='lat' dir='ltr'>continue</span> <span class='ocrx_word' id='word_1_190' title='bbox 676 2408 878 2490; x_wconf 84' lang='lat' dir='ltr'>exercebant,</span> <span class='ocrx_word' id='word_1_191' title='bbox 900 2409 1028 2473; x_wconf 87' lang='lat' dir='ltr'>tantam</span> <span class='ocrx_word' id='word_1_192' title='bbox 1045 2407 1168 2472; x_wconf 87' lang='lat' dir='ltr'>famum</span> <span class='ocrx_word' id='word_1_193' title='bbox 1188 2429 1261 2475; x_wconf 90' lang='lat' dir='ltr'>con-</span> 
     </span>
     <span class='ocr_line' id='line_1_26' title="bbox 244 2493 1300 2579; baseline 0.005 -22"><span class='ocrx_word' id='word_1_194' title='bbox 244 2494 361 2578; x_wconf 86' lang='lat' dir='ltr'>traxit,</span> <span class='ocrx_word' id='word_1_195' title='bbox 384 2495 471 2579; x_wconf 89' lang='lat' dir='ltr'>quod</span> <span class='ocrx_word' id='word_1_196' title='bbox 492 2496 603 2562; x_wconf 90' lang='lat' dir='ltr'>nullus</span> <span class='ocrx_word' id='word_1_197' title='bbox 625 2495 660 2560; x_wconf 90' lang='lat' dir='ltr'>in</span> <span class='ocrx_word' id='word_1_198' title='bbox 682 2496 763 2562; x_wconf 88' lang='lat' dir='ltr'>urbe</span> <span class='ocrx_word' id='word_1_199' title='bbox 781 2493 888 2560; x_wconf 85' lang='lat' dir='ltr'>Roma</span> <span class='ocrx_word' id='word_1_200' title='bbox 907 2493 1121 2562; x_wconf 81' lang='lat' dir='ltr'>(lonstantino</span> <span class='ocrx_word' id='word_1_201' title='bbox 1146 2497 1300 2564; x_wconf 75' lang='lat' dir='ltr'>meliore</span> 
     </span>
     <span class='ocr_line' id='line_1_27' title="bbox 245 2581 812 2650; baseline 0.004 -4"><span class='ocrx_word' id='word_1_202' title='bbox 245 2581 437 2650; x_wconf 87' lang='lat' dir='ltr'>credebatur</span> <span class='ocrx_word' id='word_1_203' title='bbox 459 2584 495 2650; x_wconf 92' lang='lat' dir='ltr'>in</span> <span class='ocrx_word' id='word_1_204' title='bbox 517 2585 639 2650; x_wconf 89' lang='lat' dir='ltr'>talibus</span> <span class='ocrx_word' id='word_1_205' title='bbox 662 2583 812 2650; x_wconf 85' lang='lat' dir='ltr'>inveniri.</span> 
     </span>
    </p>
   </div>
   <div class='ocr_carea' id='block_1_3' title="bbox 192 2663 1336 3096">
    <p class='ocr_par' dir='ltr' id='par_1_5' title="bbox 192 2663 1336 3096">
     <span class='ocr_line' id='line_1_28' title="bbox 192 2663 1262 2756; baseline 0.012 -28"><span class='ocrx_word' id='word_1_206' title='bbox 192 2663 235 2728; x_wconf 83' lang='lat'>33</span> <span class='ocrx_word' id='word_1_207' title='bbox 334 2669 480 2736; x_wconf 82' lang='lat' dir='ltr'>Tandem</span> <span class='ocrx_word' id='word_1_208' title='bbox 512 2671 724 2739; x_wconf 79' lang='lat' dir='ltr'>Constantius</span> <span class='ocrx_word' id='word_1_209' title='bbox 760 2672 940 2756; x_wconf 88' lang='lat' dir='ltr'>imperator</span> <span class='ocrx_word' id='word_1_210' title='bbox 970 2671 1137 2740; x_wconf 86' lang='lat' dir='ltr'>Romanus</span> <span class='ocrx_word' id='word_1_211' title='bbox 1175 2673 1262 2741; x_wconf 85' lang='lat' dir='ltr'>diem</span> 
     </span>
     <span class='ocr_line' id='line_1_29' title="bbox 243 2757 1262 2846; baseline 0.007 -25"><span class='ocrx_word' id='word_1_212' title='bbox 243 2757 363 2822; x_wconf 88' lang='lat' dir='ltr'>natalis</span> <span class='ocrx_word' id='word_1_213' title='bbox 388 2759 439 2822; x_wconf 89' lang='lat' dir='ltr'>sui</span> <span class='ocrx_word' id='word_1_214' title='bbox 462 2781 501 2824; x_wconf 84' lang='lat' dir='ltr'>ex</span> <span class='ocrx_word' id='word_1_215' title='bbox 523 2783 614 2826; x_wconf 84' lang='lat' dir='ltr'>mere</span> <span class='ocrx_word' id='word_1_216' title='bbox 638 2760 867 2846; x_wconf 82' lang='lat' dir='ltr'>agerevolens</span> <span class='ocrx_word' id='word_1_217' title='bbox 886 2761 1016 2826; x_wconf 86' lang='lat' dir='ltr'>vocavit</span> <span class='ocrx_word' id='word_1_218' title='bbox 1040 2783 1151 2828; x_wconf 89' lang='lat' dir='ltr'>omnes</span> <span class='ocrx_word' id='word_1_219' title='bbox 1172 2785 1262 2830; x_wconf 87' lang='lat' dir='ltr'>sena-</span> 
     </span>
     <span class='ocr_line' id='line_1_30' title="bbox 243 2846 1262 2930; baseline 0.01 -21"><span class='ocrx_word' id='word_1_220' title='bbox 243 2850 347 2930; x_wconf 87' lang='lat' dir='ltr'>tores,</span> <span class='ocrx_word' id='word_1_221' title='bbox 372 2846 535 2930; x_wconf 88' lang='lat' dir='ltr'>tribunos,</span> <span class='ocrx_word' id='word_1_222' title='bbox 562 2850 764 2914; x_wconf 87' lang='lat' dir='ltr'>centuriones</span> <span class='ocrx_word' id='word_1_223' title='bbox 794 2851 826 2912; x_wconf 90' lang='lat' dir='ltr'>et</span> <span class='ocrx_word' id='word_1_224' title='bbox 854 2848 974 2916; x_wconf 87' lang='lat' dir='ltr'>milites</span> <span class='ocrx_word' id='word_1_225' title='bbox 998 2852 1031 2914; x_wconf 88' lang='lat' dir='ltr'>et</span> <span class='ocrx_word' id='word_1_226' title='bbox 1060 2850 1112 2915; x_wconf 91' lang='lat' dir='ltr'>die</span> <span class='ocrx_word' id='word_1_227' title='bbox 1135 2855 1262 2918; x_wconf 86' lang='lat' dir='ltr'>statuta</span> 
     </span>
     <span class='ocr_line' id='line_1_31' title="bbox 244 2934 1336 3026; baseline 0.009 -28"><span class='ocrx_word' id='word_1_228' title='bbox 244 2934 416 3000; x_wconf 86' lang='lat' dir='ltr'>sollemnia</span> <span class='ocrx_word' id='word_1_229' title='bbox 432 2935 553 3000; x_wconf 87' lang='lat' dir='ltr'>natalis</span> <span class='ocrx_word' id='word_1_230' title='bbox 573 2936 623 3002; x_wconf 88' lang='lat' dir='ltr'>sui</span> <span class='ocrx_word' id='word_1_231' title='bbox 642 2940 679 3001; x_wconf 90' lang='lat' dir='ltr'>ut</span> <span class='ocrx_word' id='word_1_232' title='bbox 697 2940 907 3004; x_wconf 89' lang='lat' dir='ltr'>consueverat</span> <span class='ocrx_word' id='word_1_233' title='bbox 922 2939 1107 3004; x_wconf 89' lang='lat' dir='ltr'>celebravit.</span> <span class='ocrx_word' id='word_1_234' title='bbox 1138 2939 1178 3005; x_wconf 91' lang='lat' dir='ltr'>In</span> <span class='ocrx_word' id='word_1_235' title='bbox 1193 2942 1260 3026; x_wconf 92' lang='lat' dir='ltr'>qui-</span> <span class='ocrx_word' id='word_1_236' title='bbox 1273 2955 1300 2997; x_wconf 77' lang='lat'>³⁰</span> <span class='ocrx_word' id='word_1_237' title='bbox 1335 2953 1336 2965; x_wconf 61' lang='lat'>¹</span> 
     </span>
     <span class='ocr_line' id='line_1_32' title="bbox 243 3021 1262 3096; baseline 0.008 -10"><span class='ocrx_word' id='word_1_238' title='bbox 243 3021 305 3086; x_wconf 87' lang='lat' dir='ltr'>bus</span> <span class='ocrx_word' id='word_1_239' title='bbox 341 3023 426 3086; x_wconf 89' lang='lat' dir='ltr'>inter</span> <span class='ocrx_word' id='word_1_240' title='bbox 464 3027 572 3089; x_wconf 88' lang='lat' dir='ltr'>cetera</span> <span class='ocrx_word' id='word_1_241' title='bbox 608 3023 858 3091; x_wconf 86' lang='lat' dir='ltr'>hastiludiorum</span> <span class='ocrx_word' id='word_1_242' title='bbox 887 3031 928 3092; x_wconf 86' lang='lat' dir='ltr'>et</span> <span class='ocrx_word' id='word_1_243' title='bbox 964 3031 1262 3096; x_wconf 87' lang='lat' dir='ltr'>torneamentorum</span> 
     </span>
    </p>
   </div>
   <div class='ocr_carea' id='block_1_4' title="bbox 245 3249 1260 3403">
    <p class='ocr_par' dir='ltr' id='par_1_6' title="bbox 245 3249 1260 3403">
     <span class='ocr_line' id='line_1_33' title="bbox 318 3249 1260 3331; baseline 0.008 -28"><span class='ocrx_word' id='word_1_244' title='bbox 318 3249 414 3330; x_wconf 64' lang='lat' dir='ltr'>iniis</span> <span class='ocrx_word' id='word_1_245' title='bbox 433 3251 509 3331; x_wconf 75' lang='lat' dir='ltr'>codd.</span> <span class='ocrx_word' id='word_1_246' title='bbox 618 3259 634 3308; x_wconf 85' lang='lat'><strong>3</strong></span> <span class='ocrx_word' id='word_1_247' title='bbox 653 3267 757 3322; x_wconf 83' lang='lat' dir='ltr'>magna</span> <span class='ocrx_word' id='word_1_248' title='bbox 774 3252 896 3322; x_wconf 87' lang='lat' dir='ltr'>pecunia</span> <span class='ocrx_word' id='word_1_249' title='bbox 914 3252 1073 3322; x_wconf 86' lang='lat' dir='ltr'>quantitate</span> <span class='ocrx_word' id='word_1_250' title='bbox 1092 3255 1134 3323; x_wconf 87' lang='lat' dir='ltr'>D,</span> <span class='ocrx_word' id='word_1_251' title='bbox 1158 3273 1260 3328; x_wconf 82' lang='lat' dir='ltr'>magno</span> 
     </span>
     <span class='ocr_line' id='line_1_34' title="bbox 245 3322 1260 3403; baseline 0.009 -29"><span class='ocrx_word' id='word_1_252' title='bbox 245 3335 367 3403; x_wconf 52' lang='lat' dir='ltr'>neemia</span> <span class='ocrx_word' id='word_1_253' title='bbox 385 3322 544 3390; x_wconf 79' lang='lat' dir='ltr'>quantitate</span> <span class='ocrx_word' id='word_1_254' title='bbox 564 3323 600 3380; x_wconf 75' lang='lat' dir='ltr'>F.</span> <span class='ocrx_word' id='word_1_255' title='bbox 674 3330 764 3392; x_wconf 77' lang='lat' dir='ltr'>tqua</span> <span class='ocrx_word' id='word_1_256' title='bbox 781 3323 819 3379; x_wconf 87' lang='lat' dir='ltr'>D.</span> <span class='ocrx_word' id='word_1_257' title='bbox 894 3329 926 3378; x_wconf 84' lang='lat'>12</span> <span class='ocrx_word' id='word_1_258' title='bbox 944 3323 1062 3380; x_wconf 89' lang='lat' dir='ltr'>cottidie</span> <span class='ocrx_word' id='word_1_259' title='bbox 1076 3327 1154 3382; x_wconf 85' lang='lat' dir='ltr'>codd.</span> <span class='ocrx_word' id='word_1_260' title='bbox 1229 3335 1260 3383; x_wconf 80' lang='lat'>1&#39;1</span> 
     </span>
    </p>
   </div>
   <div class='ocr_carea' id='block_1_5' title="bbox 244 3407 1261 3556">
    <p class='ocr_par' dir='ltr' id='par_1_7' title="bbox 244 3407 1261 3556">
     <span class='ocr_line' id='line_1_35' title="bbox 247 3407 1261 3498; baseline 0.008 -36"><span class='ocrx_word' id='word_1_261' title='bbox 247 3407 350 3489; x_wconf 75' lang='lat' dir='ltr'>sagvvie</span> <span class='ocrx_word' id='word_1_262' title='bbox 369 3408 409 3491; x_wconf 56' lang='lat' dir='ltr'>F,</span> <span class='ocrx_word' id='word_1_263' title='bbox 488 3418 519 3468; x_wconf 84' lang='lat'>18</span> <span class='ocrx_word' id='word_1_264' title='bbox 539 3429 569 3498; x_wconf 78' lang='lat' dir='ltr'>se</span> <span class='ocrx_word' id='word_1_265' title='bbox 587 3430 637 3470; x_wconf 86' lang='lat' dir='ltr'>om.</span> <span class='ocrx_word' id='word_1_266' title='bbox 656 3412 694 3467; x_wconf 92' lang='lat' dir='ltr'>D.</span> <span class='ocrx_word' id='word_1_267' title='bbox 782 3418 815 3466; x_wconf 76' lang='lat'>22</span> <span class='ocrx_word' id='word_1_268' title='bbox 835 3411 953 3468; x_wconf 89' lang='lat' dir='ltr'>cottidie</span> <span class='ocrx_word' id='word_1_269' title='bbox 971 3415 1047 3470; x_wconf 84' lang='lat' dir='ltr'>codd.</span> <span class='ocrx_word' id='word_1_270' title='bbox 1134 3421 1168 3496; x_wconf 55' lang='lat'>{7</span> <span class='ocrx_word' id='word_1_271' title='bbox 1188 3416 1261 3472; x_wconf 87' lang='lat' dir='ltr'>diem</span> 
     </span>
     <span class='ocr_line' id='line_1_36' title="bbox 244 3478 1260 3556; baseline 0.012 -23"><span class='ocrx_word' id='word_1_272' title='bbox 244 3478 347 3534; x_wconf 78' lang='lat' dir='ltr'>natalis</span> <span class='ocrx_word' id='word_1_273' title='bbox 368 3497 411 3534; x_wconf 89' lang='lat' dir='ltr'>sm</span> <span class='ocrx_word' id='word_1_274' title='bbox 430 3483 506 3539; x_wconf 83' lang='lat' dir='ltr'>codd.</span> <span class='ocrx_word' id='word_1_275' title='bbox 521 3485 603 3554; x_wconf 74' lang='lat' dir='ltr'>(daem</span> <span class='ocrx_word' id='word_1_276' title='bbox 615 3485 735 3540; x_wconf 77' lang='lat' dir='ltr'>natalem</span> <span class='ocrx_word' id='word_1_277' title='bbox 748 3483 880 3554; x_wconf 68' lang='grc' dir='ltr'>ειιαηιὲἒ)</span> <span class='ocrx_word' id='word_1_278' title='bbox 953 3490 988 3540; x_wconf 78' lang='lat'>30</span> <span class='ocrx_word' id='word_1_279' title='bbox 1003 3483 1172 3556; x_wconf 85' lang='lat' dir='ltr'>sollempma</span> <span class='ocrx_word' id='word_1_280' title='bbox 1185 3489 1260 3544; x_wconf 82' lang='lat' dir='ltr'>codd.</span> 
     </span>
    </p>
   </div>
   <div class='ocr_carea' id='block_1_6' title="bbox 0 0 1356 4158">
    <p class='ocr_par' dir='ltr' id='par_1_8' title="bbox 0 0 1356 4158">
     <span class='ocr_line' id='line_1_37' title="bbox 0 0 1356 4158; baseline 0 0"><span class='ocrx_word' id='word_1_281' title='bbox 0 0 1356 4158; x_wconf 95' lang='lat' dir='ltr'> </span> 
     </span>
    </p>
   </div>
  </div>
 </body>
</html>
