2688 4158
616 253 833 319 -22-

218 436 288 480 rem
318 413 367 479 ita
396 435 467 479 esse
495 435 569 478 eum
595 413 777 478 iuramento
807 411 983 477 affirmavit
1010 414 1043 477 st
1070 431 1143 477 oum
1175 411 1240 476 im-

217 505 349 587 perator
380 502 469 585 aliud
502 501 543 567 ab
574 522 613 567 eo
640 500 722 566 seire
748 522 814 566 uon
845 503 969 584 posset,
1001 498 1164 584 quaesivit
1196 501 1239 566 de

218 591 348 656 nomine
381 613 438 656 suo
472 594 505 655 et
538 588 567 654 si
599 610 679 674 quos
717 589 801 654 alios
838 589 958 654 amisos
989 587 1126 653 haberet
1158 594 1239 672 post

219 683 367 746 matrem.
400 678 464 756 Qui
478 677 561 743 dixit
575 677 651 742 sibi:
675 675 922 743 ‘Constantinus
937 697 1036 742 voaor
1049 699 1089 741 ex
1102 677 1238 742 nomine

217 791 277 836 nea
295 769 400 834 habeo
420 766 503 832 alios
523 765 645 830 amieos
664 766 729 830 nisi.
747 771 885 832 matram
900 769 934 832 et
946 787 1080 832 uxorem
1098 784 1269 850 pauper-s

218 859 325 924 aulam
345 853 534 920 mulierem’.
567 854 749 938 Imperator
767 854 830 920 hoo
849 853 959 920 audito
974 853 1141 918 mandavit
1160 855 1237 939 sibi,

217 950 256 1010 ut
278 949 417 1010 matrem
440 965 532 1008 suam
556 947 589 1008 et
611 965 744 1009 uxorem
769 942 810 1007 ad
828 943 898 1008 eius
921 942 1139 1026 praesentiam
1162 964 1236 1025 per-

218 1033 364 1116 duceret,
388 1053 460 1096 aum
483 1031 553 1115 ipse
577 1032 728 1097 omnibus
752 1030 857 1096 modis
880 1030 977 1097 huius
995 1031 1044 1096 rei
1062 1031 1236 1097 veritatem

218 1121 299 1186 seire
325 1120 433 1186 vellet.

164 1207 207 1272 35
306 1207 539 1274 Constantinus
567 1231 644 1274 vero
667 1211 797 1292 reaepto
827 1207 991 1292 imperiali
1013 1207 1168 1274 mandato
1191 1210 1281 1274 ad1⁰

217 1299 349 1364 domum
378 1319 470 1362 suam
497 1318 645 1364 reversus
673 1301 812 1362 matrem
838 1318 931 1362 suam
963 1298 997 1360 et
1023 1317 1158 1362 uxorem
1184 1297 1235 1362 in·

217 1387 312 1452 datas
339 1387 378 1452 de
406 1387 595 1452 melioribus
623 1386 690 1451 suis
717 1384 864 1451 vestibus
893 1387 926 1450 et
954 1389 1086 1450 ornatas
1109 1384 1151 1452 ad
1173 1385 1235 1450 im·

216 1475 378 1559 paraturis
401 1477 620 1560 praesentiam
648 1473 808 1559 perduxit.
850 1473 1031 1558 Imperator
1058 1478 1169 1539 autem
1193 1475 1236 1538 ad

216 1564 375 1631 Helenam
407 1565 442 1630 in
469 1565 538 1630 eius
571 1563 757 1648 praesentia
787 1562 999 1628 constitutam
1031 1562 1126 1626 dixit:
1159 1561 1236 1628 ‘Est

216 1655 349 1739 inquam
368 1655 423 1718 ille
442 1653 568 1718 iuvenis
587 1652 675 1716 filius
694 1649 808 1715 tuus‘?'
846 1649 935 1726 Quae
953 1650 1152 1735 respondens
1172 1652 1235 1716 ait:
1250 1671 1277 1710 1⁵

217 1742 303 1824 ‘Est
327 1740 478 1808 domine'.
514 1740 607 1804 Dixit
629 1740 822 1822 imperator:
849 1738 941 1815 ‘Quis
965 1742 1016 1803 est
1033 1739 1120 1803 enim
1139 1743 1236 1822 pater

215 1828 326 1895 eius?’
365 1828 455 1905 Quae
478 1827 646 1912 respondit
668 1827 789 1892 disens:
828 1826 912 1911 ‘Ego
936 1827 1043 1911 ipsum
1066 1827 1101 1892 in
1123 1828 1236 1893 iuven-

216 1921 286 1983 tute
310 1939 383 1984 mea
402 1916 441 1981 de
461 1916 598 2001 quodam
619 1915 703 2000 viro,
727 1937 822 2000 quem
841 1917 877 1980 in
899 1915 1048 2000 partibus
1067 1916 1235 1983 natalibus

218 2007 314 2072 amici
349 2005 413 2070 mei
445 2004 527 2068 mihi
559 2003 604 2069 in'
625 2005 781 2070 maritum
814 2004 1058 2087 copulaverant,
1097 2005 1235 2091 suscepi,

216 2095 272 2179 qui
306 2115 325 2158 a
358 2115 409 2158 me
442 2115 508 2158 non
537 2093 634 2178 longe
661 2096 737 2177 post
764 2114 855 2158 more
880 2092 1070 2178 negotiandi
1100 2095 1237 2159 recessit
1251 2113 1277 2152 ao

218 2188 250 2249 et
274 2183 315 2248 ad
334 2205 385 2246 me
408 2186 524 2266 postea
541 2203 608 2247 non
627 2185 678 2246 est
694 2202 852 2246 reversus.
890 2179 925 2246 Si
947 2185 1094 2247 mortuus
1113 2182 1159 2247 sit
1178 2187 1236 2248 aut

217 2272 321 2355 uvat,
345 2271 422 2336 deus
446 2269 529 2336 soit'.
564 2269 747 2354 Imperator
770 2292 846 2336 vero
864 2291 932 2335 non
955 2270 1038 2335 bene
1061 2274 1235 2336 contentus

217 2361 257 2426 de
286 2359 498 2444 responsione
527 2359 671 2425 mulieris
695 2359 802 2443 magis
830 2380 929 2443 quam
951 2362 1048 2424 antea
1070 2358 1237 2425 dubitavit

218 2454 251 2515 et
279 2449 446 2516 mandavit
473 2450 580 2533 ipsam
603 2470 668 2513 uns
691 2469 763 2514 eum
791 2447 919 2512 familia
942 2469 1000 2512 sus
1023 2447 1064 2512 ad
1087 2469 1236 2514 mensam

218 2560 309 2603 suam
327 2539 585 2622 intermulieres
603 2537 731 2602 nobiles
755 2535 796 2601 ad
815 2536 1046 2602 comedendum
1063 2536 1235 2602 eollooare.
1250 2553 1277 2595 aa

164 2620 207 2685 36
306 2627 417 2692 Nurus
442 2631 551 2692 autem
573 2625 716 2691 Helenae
739 2624 958 2708 pulcherrima
974 2625 1058 2690 faeie
1076 2627 1112 2690 et
1126 2626 1235 2710 aptis·

218 2715 302 2779 sima
333 2719 404 2781 arat
435 2715 470 2779 in
502 2736 636 2798 corpore
669 2718 702 2778 et
729 2711 905 2778 seeundum
936 2713 1122 2779 nobilitatis
1155 2736 1235 2780 suae

219 2802 440 2868 condicionem
464 2802 679 2868 nobilissimis
703 2801 849 2866 moribus
873 2800 1008 2866 erudita.
1048 2799 1138 2876 Quae
1161 2824 1235 2868 eum

218 2893 304 2956 esset
327 2891 413 2954 inter
432 2890 513 2955 alias
537 2888 703 2973 mulieres,
725 2909 792 2954 non
810 2889 896 2954 siout
914 2889 995 2954 viles
1016 2894 1049 2954 et
1066 2911 1233 2974 pannosae

218 2982 453 3046 consueverunt
474 2977 583 3042 faeere
605 2977 770 3060 mulieres,
794 2977 883 3042 eibos
903 2977 996 3043 avide
1018 3000 1153 3063 sumere,
1177 2979 1232 3046 sed
1248 2995 1275 3036 ³0

201 3065 421 3153 'disciplinam
446 3068 479 3131 et
496 3066 706 3131 verecundiae
725 3065 929 3130 honestatem
949 3087 1087 3150 sequens
1108 3068 1234 3132 studuit

217 3161 316 3242 prout
343 3178 435 3222 suam
461 3153 670 3220 nobilitatam
699 3154 806 3220 decuit
834 3155 1097 3220 mansuetissime
1123 3159 1156 3220 et
1180 3156 1233 3221 de·

290 3321 305 3369 'l
324 3312 492 3383 perduceret
509 3312 551 3380 D,
571 3310 725 3366 adduceret
743 3311 779 3367 F.
888 3315 904 3364 8
925 3327 988 3364 oum
1011 3311 1082 3365 deest
1104 3312 1136 3365 ia
1154 3312 1233 3367 codd.

221 3390 254 3439 16
274 3385 340 3439 Post
358 3383 432 3436 dixit
448 3385 545 3439 inserit
563 3382 594 3438 F
610 3382 693 3436 enim.
778 3387 813 3437 20
832 3397 939 3435 morem
957 3380 1122 3450 negotiandi
1140 3382 1234 3452 gratia

219 3454 624 3582 iiidtffiiffofflimimm
637 3471 695 3552 aare
703 3454 830 3510 vocabuli
842 3467 920 3508 more
934 3456 1013 3506 ratus
1027 3454 1141 3508 corraei.
1198 3459 1232 3507 21
