2688 4158
627 211 823 274 ,8-

220 370 372 456 petistis'.
400 369 516 435 Altera
530 373 638 435 autem
652 369 704 432 die
719 369 885 433 universos
900 367 950 433 sui
964 369 1092 452 imperii
1105 370 1238 434 nobiles

222 463 255 524 et
267 459 425 543 primatos
440 459 615 542 imperator
629 478 688 540 per
700 457 833 522 nuntios
848 479 924 522 suos
938 461 970 522 et
985 457 1112 523 litteras
1127 458 1239 524 vocari

221 548 299 612 fecit
322 547 362 612 ad
386 551 508 612 certam
532 549 689 611 statutam
716 545 802 610 diem
826 545 865 610 ad
885 546 1045 630 agendum
1065 546 1238 612 sollemnia

220 636 416 720 nuptiarum.

173 721 213 786 11
314 724 376 789 Die
395 746 472 788 vero
493 726 616 788 statuta
635 722 823 788 adveniente
842 744 880 788 ac
895 723 1053 788 universis
1072 724 1267 788 nobilibus⁵

223 818 260 879 ut
296 813 516 898 praemittitur
555 811 762 896 congregatis
793 812 970 896 imperator
1006 813 1109 877 liliam
1146 807 1240 877 suam

222 903 351 967 unicam
380 901 527 984 praefato
552 899 765 966 Constantino
794 901 827 964 in
854 900 936 965 facie
959 901 1102 966 omnium
1125 903 1239 966 matri-

225 990 412 1055 monialiter
439 992 472 1054 et
500 989 701 1054 sollemniter
729 988 894 1073 copulavit
916 992 963 1071 et,
992 993 1030 1053 ut
1055 989 1155 1054 moris
1179 995 1240 1074 est,

223 1078 327 1162 regali
346 1078 492 1142 thalamo
516 1082 711 1162 praeparato
730 1099 802 1142 earn
822 1077 886 1142 sihi
904 1077 1050 1142 maritali
1068 1078 1239 1142 affectione

222 1167 304 1231 inibi
332 1166 595 1250 pertractandam
628 1167 771 1232 sociavit
823 1164 1055 1231 Constantinus
1088 1188 1165 1232 vero
1199 1166 1238 1231 de
1255 1188 1280 1226 lo

223 1254 284 1318 tali
308 1255 445 1339 coniuge
469 1258 502 1320 et
520 1255 609 1320 socia
632 1255 713 1320 bene
733 1257 905 1320 contentus
929 1276 1001 1320 eam
1025 1277 1097 1320 cum
1120 1254 1239 1340 gaudio

225 1343 403 1427 suscipiens
423 1344 541 1409 osculis
561 1349 594 1409 et
617 1343 819 1427 amplexibus
839 1364 876 1407 ac
895 1343 1024 1426 ceteris,
1048 1364 1130 1427 quae
1152 1345 1238 1408 iuter

224 1431 307 1496 tales
326 1433 479 1518 coniuges
498 1433 631 1498 iuvenes
645 1437 678 1496 et
696 1431 816 1497 hilares
836 1432 977 1498 exerceri
994 1438 1237 1514 consueverunt,

222 1521 306 1586 ludis
334 1525 366 1586 et
395 1521 524 1587 solaciis
552 1543 618 1586 non
649 1525 778 1586 tantum
810 1520 867 1584 illa
894 1519 950 1585 sed
982 1521 1094 1584 multis
1122 1525 1238 1604 postea

220 1610 370 1676 noctibus
403 1613 571 1694 tamquam
603 1630 736 1674 uxorem
769 1608 984 1674 amicabiliter
1015 1609 1236 1692 pertractavit
1253 1627 1280 1668 15

221 1697 317 1763 Mane
341 1700 449 1764 autem
476 1699 563 1762 facto
591 1718 650 1761 nec
673 1719 746 1761 cum
773 1697 867 1780 plene
896 1718 1012 1762 aurora
1042 1701 1151 1762 ortum
1174 1698 1238 1762 diei

221 1786 436 1870 patefaceret,
462 1786 642 1869 imperator
670 1785 840 1850 associatis
868 1785 931 1850 sibi
964 1786 1081 1869 puellis
1109 1788 1143 1851 et
1171 1808 1237 1851 ma·

221 1875 325 1939 tronis
345 1875 458 1938 multis
478 1878 513 1938 et
530 1873 697 1938 nobilibus
721 1895 876 1958 sponsum
898 1875 1005 1958 ipsum
1029 1879 1062 1939 et
1085 1896 1237 1959 sponsam

223 1985 295 2027 oum
324 1962 468 2046 cytharis
499 1966 532 2026 et
559 1963 690 2046 organis
719 1965 752 2027 et
779 1962 980 2027 diversorum
1010 1983 1164 2048 generum
1190 1965 1237 2028 in·
1337 2019 1338 2046 ,

223 2051 410 2116 strumentis
446 2050 656 2116 musicalibus
687 2055 720 2116 et
749 2071 868 2136 magno
898 2050 1041 2135 tripudio
1071 2056 1108 2116 ut
1137 2051 1279 2116 morisco

223 2144 273 2204 est
300 2139 437 2204 visitans
466 2139 504 2203 do
532 2139 678 2204 thalamo
712 2139 832 2205 eduxit.
877 2139 926 2204 Ac
957 2140 1137 2224 imperator
1167 2141 1237 2224 ipse
1338 2185 1339 2208 r

221 2249 287 2292 una
306 2250 378 2292 cum
397 2228 602 2312 imperatrice
623 2232 655 2293 et
675 2228 833 2293 universis
852 2228 1052 2312 principibus
1070 2229 1237 2294 nobilibus

223 2316 291 2381 suis
315 2321 348 2380 et
371 2315 531 2380 militibus
556 2315 736 2381 observatis
761 2316 964 2382 caerimoniis
988 2317 1151 2382 consuetis
1175 2319 1237 2382 sol·

222 2405 427 2470 lemnitatem
446 2405 633 2489 nuptiarum
652 2405 687 2469 in
710 2405 865 2470 conviviis
891 2409 924 2470 et
947 2405 1237 2470 comessationibus

220 2493 374 2577 tripudiis
402 2497 435 2558 et
461 2493 647 2558 hastiludiis
675 2497 708 2558 et
740 2493 814 2558 aliis
842 2493 927 2558 ludis
958 2497 991 2558 et
1022 2493 1152 2558 solaciis
1180 2494 1278 2558 ins-a

221 2583 377 2666 perialem
404 2581 610 2647 maiestatem
638 2581 887 2648 condecentibus
919 2585 1023 2646 totam
1050 2582 1136 2646 diem
1166 2604 1238 2647 cum

222 2671 467 2735 continuatione
486 2671 700 2754 plurimorum
715 2671 918 2754 sequentium
933 2670 1059 2735 dierum
1078 2671 1237 2736 deducens

224 2758 427 2823 sollemniter
443 2758 619 2823 honorifice
639 2762 672 2822 et
690 2758 898 2822 celeberrime
916 2759 1030 2842 peragi
1045 2760 1239 2842 procuravit

170 2842 212 2906 12
311 2845 392 2910 Post
410 2846 491 2910 haec
513 2847 654 2930 peractis
678 2846 803 2910 duobus
822 2845 874 2910 vel
897 2845 1002 2911 tribus
1022 2849 1187 2912 mensibus
1206 2851 1239 2912 et

221 2935 256 3000 in
276 2934 405 3000 solaciis
429 2934 681 3018 congruentibus
701 2933 847 2999 deductis
866 2939 1062 3000 mercatores
1081 2935 1238 3020 praedicti
1250 2953 1277 2992 ⁸⁰

220 3067 434 3078 -ι--ι--α

292 3134 378 3196 aper
400 3124 534 3180 nunccios
558 3141 621 3179 suos
647 3126 677 3179 et
697 3124 809 3180 litteras
832 3127 878 3193 D,
902 3143 953 3196 per
972 3142 1037 3181 suos
1055 3125 1190 3180 nunccios
1209 3127 1239 3180 et

219 3197 330 3253 litteras
346 3197 381 3253 F.
447 3203 462 3250 3
477 3195 546 3250 iecit
559 3197 597 3263 D,
612 3196 689 3266 cepit
698 3196 735 3250 F.
799 3197 967 3267 sollempnia
977 3197 1017 3265 D,
1032 3196 1189 3265 solempnia
1202 3197 1236 3252 F.

221 3275 237 3323 8
257 3267 452 3338 sollempniter
466 3269 541 3322 codd.
617 3274 649 3321 13
667 3266 784 3321 iuvenes
800 3269 829 3322 et
841 3269 886 3334 D,
906 3270 935 3323 et
950 3285 1001 3322 om.
1016 3268 1052 3324 F.
1125 3266 1237 3334 hylares

221 3341 296 3394 codd.
389 3345 421 3394 16
445 3337 512 3391 dum
531 3339 621 3404 codd,
645 3355 708 3392 curn
732 3341 841 3394 conieci.
932 3345 967 3393 23
996 3337 1236 3408 sollempnitatem

220 3409 385 3479 nupciarum
407 3411 483 3466 codd.
557 3415 590 3463 27
616 3409 796 3477 sequenoium
819 3411 896 3466 codd.
973 3408 1114 3464 deducens
1137 3411 1237 3479 scripsi

217 3496 271 3551 pro
290 3481 411 3536 codicum
429 3483 569 3550 scriptura
587 3479 765 3536 deducentes.
838 3486 872 3534 28
892 3479 1087 3550 sollempniter
1104 3480 1181 3536 codol.
