2688 4158
506 258 791 338 -nr-x

100 416 292 482 huiusmodi
319 417 353 481 in
382 416 626 500 quaestionibus
654 417 733 499 poni
761 418 794 482 et
817 417 858 481 ab
881 417 922 480 iis
946 417 1119 482 veritatem

100 505 224 590 inquiri
250 505 289 570 de
317 505 504 590 praemissis
528 503 696 570 mandavit
718 508 752 570 et
777 505 857 570 fecit
883 509 921 570 ut
943 511 994 570 est
1017 507 1118 570 moris

101 598 137 658 et
174 593 314 658 maxime
350 593 571 659 Romanorum
613 594 668 678 qui
709 593 893 658 inventores
933 593 1120 660 huiusmodi

102 683 332 766 quaestionum
366 683 505 748 existere
537 683 730 748 referuntur.
780 681 923 747 'landem
954 704 1013 766 per
1045 705 1119 748 con·

72 770 280 836 stessionem
299 771 445 853 ipsorum
463 771 632 835 inventum
650 770 715 834 fuit
729 792 799 836 rem
811 771 960 835 totaliter
978 770 1026 836 ita
1040 793 1120 855 esse,

101 858 374 943 quemadmodum
396 858 521 924 Helena
545 863 578 923 et
602 860 670 924 eius
693 858 780 924 filius
804 857 1035 925 Constantinus
1056 860 1120 943 ipsi

100 946 514 1120 interluunt
528 947 1120 1121 inscissurlrturulr

101 1125 143 1189 iis
178 1124 302 1208 imponi
337 1125 449 1209 iussit,
480 1124 614 1190 tandem
647 1125 764 1206 eapitis
796 1124 874 1190 fecit
906 1125 1015 1190 subire
1048 1147 1120 1191 sen-

61 1232 88 1272 ιο
101 1213 243 1278 tentiam
266 1219 299 1276 et
321 1213 431 1297 gladio
455 1213 618 1278 decollari.

192 1300 361 1366 Postremo
376 1299 587 1366 Constantius
601 1303 780 1385 imperator
795 1303 960 1385 comperta
974 1300 1013 1366 de
1027 1323 1119 1386 prae·
1129 1297 1172 1361 42

101 1389 214 1454 missis
233 1389 370 1454 veritate
389 1411 427 1454 ae
445 1391 587 1474 inventa,
606 1390 693 1473 quod
708 1389 818 1454 omnia
832 1393 865 1453 et
880 1389 1017 1473 singula,
1036 1412 1119 1474 quae

100 1477 230 1543 Helena
249 1481 282 1542 et
301 1475 538 1545 Constantinus
558 1479 626 1544 eius
645 1477 732 1542 filius
752 1477 840 1543 dese
860 1482 893 1542 et
912 1477 1118 1561 imperatoris

101 1564 302 1631 Graecorum
329 1566 400 1631 filia
421 1568 627 1650 rettulerant,
654 1588 734 1631 vera
757 1569 867 1632 essent
889 1566 929 1630 de
951 1566 1054 1649 iisque
1078 1567 1118 1631 ad

61 1674 87 1715 rs
100 1656 237 1740 plenum
260 1655 467 1739 certificatus,
490 1655 581 1720 misit
604 1655 795 1739 solationes,
823 1676 899 1720 suos
923 1655 1061 1739 legatos,
1085 1658 1119 1719 et

100 1742 306 1808 nuntiusad
335 1742 503 1810 Graeciam
531 1765 569 1808 ae
596 1744 786 1828 imperatori
817 1741 1013 1808 Graecorum
1040 1743 1118 1807 feeit

101 1835 209 1897 totam
229 1832 277 1896 rei
296 1832 415 1897 seriem
433 1834 585 1899 nuntiare
605 1833 770 1915 videlieet,
794 1832 934 1917 qualiter
952 1832 1015 1896 duo
1035 1853 1118 1897 mer·

101 1924 230 1986 catores
258 1919 417 2004 praedicti
445 1919 696 1986 Constantinum
724 1922 765 1987 ad
793 1943 866 1986 eum
897 1920 1119 1985 fraudulenter

101 2009 320 2093 perduxerant
347 2031 384 2074 ac
411 2009 514 2074 filiam
542 2031 633 2074 suam
663 2031 715 2093 eo,
744 2010 830 2094 quod
857 2009 921 2093 ipsi
951 2009 1038 2075 faeta
1062 2031 1121 2075 sua

62 2117 89 2158 n
102 2102 136 2162 et
164 2096 345 2162 utilitatem
372 2098 407 2162 in
434 2097 623 2181 praemissis
647 2102 681 2162 et
703 2098 788 2162 eirea
812 2120 850 2164 ea
871 2098 1030 2182 facerent,
1059 2099 1121 2162 cal·

101 2186 168 2252 lide
205 2186 270 2250 sibi
305 2187 341 2251 in
372 2207 506 2250 uxorem
542 2186 689 2269 copulari
720 2187 879 2269 fecerant,
917 2187 1120 2271 qualiterque

101 2276 193 2359 ipsos
227 2275 267 2340 ad
301 2274 463 2358 quandam
495 2275 652 2358 insulam,
684 2278 722 2339 ut
748 2274 871 2339 ibidem
903 2274 989 2340 fame
1020 2276 1120 2340 inter·

101 2364 251 2446 fioerent,
274 2363 492 2446 perduxerant
515 2385 553 2427 ae
573 2363 613 2426 iis
633 2363 681 2426 ibi
698 2362 821 2428 relictis
840 2361 978 2427 Romam
998 2366 1121 2429 reversi

101 2451 235 2517 fuerant
258 2455 292 2515 et
315 2452 454 2536 qualiter
478 2451 608 2536 qnidam
631 2451 709 2515 boni
737 2451 885 2515 homines
908 2470 974 2515 non
997 2451 1120 2536 absque

65 2558 88 2598 2⁶
102 2545 186 2605 nutu
202 2541 346 2604 'deorum
375 2540 564 2606 sublimium
591 2559 690 2623 penes
719 2540 824 2622 ipsam
856 2539 998 2604 insulam
1030 2541 1120 2606 navi·

102 2632 221 2714 gantos
243 2629 397 2713 ipsosque
416 2651 513 2712 super
532 2649 587 2693 eos
606 2628 784 2693 clamantes
808 2628 1001 2692 invenerunt
1023 2633 1057 2693 et
1080 2628 1121 2693 ad

102 2718 243 2782 Romam
271 2717 502 2800 perduxerunt,
530 2716 671 2801 qualiter
699 2717 799 2783 etiam
827 2715 865 2781 de
893 2716 945 2781 his
969 2717 1120 2782 omnibus

104 2806 186 2870 setis
210 2805 404 2870 miraculose
426 2806 548 2890 reperit
566 2806 739 2871 veritatem
758 2805 915 2890 dictisque
933 2808 1121 2872 mercatori*

102 2896 175 2978 bus,
195 2894 279 2959 sicut
293 2894 377 2959 male
391 2899 535 2978 egerant,
553 2916 612 2977 per
631 2894 826 2960 sententiam
841 2893 1120 2960 condemnationis

66 3001 90 3040 a
105 2983 219 3048 inferri
241 2981 367 3048 fecerat
390 2983 586 3066 supplicium
610 2983 699 3048 dirae
722 2983 849 3048 mortis.

176 3183 192 3230 6
211 3176 269 3228 und
287 3181 302 3230 7
326 3173 415 3230 Verba
433 3173 667 3242 quemadmodum
686 3205 719 3215 -
738 3174 919 3230 rettullerant
936 3190 986 3229 om.
1007 3173 1043 3227 F.
1103 3180 1119 3229 7

102 3247 261 3301 retulerant
273 3248 330 3300 eod.
345 3245 382 3299 D.
457 3252 491 3300 14
504 3245 660 3300 retulerant
673 3246 749 3301 codd.
815 3244 1017 3300 resolutiones
1034 3245 1121 3312 codd,

104 3320 220 3384 fortusse
239 3322 397 3386 auersatam
414 3322 460 3371 est.
549 3323 582 3370 16
600 3316 734 3370 nunccios
756 3318 831 3373 codd.
920 3323 952 3371 17
970 3314 1120 3370 nuneeiare

105 3391 181 3444 codd.
255 3394 289 3443 28
308 3386 475 3441 miraculose
495 3403 524 3440 se
544 3388 630 3452 codd„
649 3389 765 3442 altorem
783 3404 813 3441 se
832 3389 924 3442 delevi.
1001 3392 1036 3440 29
1057 3402 1121 3440 con-

106 3457 314 3529 dempnationis
333 3459 409 3514 codd.
496 3463 531 3512 30
550 3457 720 3528 supplicium
739 3457 823 3528 digne
842 3457 941 3512 mortis
960 3457 1002 3524 D,
1021 3456 1121 3510 mortis

106 3528 164 3584 dire
184 3528 353 3598 supplicium
373 3528 409 3583 F.
