2688 4158
514 239 706 302 „9-

103 397 309 480 propositum
328 418 422 460 sunm
440 397 617 462 terminare
636 398 802 480 cupientes
820 397 1051 481 imperatorem
1068 421 1118 463 ac·

104 481 272 550 cesseiunt
295 485 452 550 dicentes:
486 484 637 551 ‘Domine
660 485 851 571 imperator,
879 509 937 552 vos
961 487 1042 552 seire
1066 487 1118 552 de-

103 573 198 656 betis,
222 573 308 657 quod
326 574 360 638 in
378 595 506 639 recessu
524 578 636 640 nostro
660 575 699 638 de
717 575 798 639 urbe
817 597 837 639 a
855 575 986 640 domino
1004 580 1118 641 nostro

103 660 327 726 Romanorum
350 663 546 746 imperatore
565 662 751 747 specialiter
770 664 950 747 recepimus
974 664 1009 728 in
1031 686 1119 728 man-

78 751 202 834 edatis,
220 754 257 815 nt
274 751 398 835 nuptiis
413 773 486 816 oum
501 752 721 817 sollemnitate
740 753 879 835 peractis
893 753 997 828 filium
1017 774 1120 832 suum,

105 861 202 924 quem
234 840 319 904 sicut
351 861 384 904 se
416 840 524 923 ipsum
556 840 678 924 diligit,
715 863 787 905 cum
820 861 879 906 sua
910 841 1046 925 coniuge
1078 841 1120 906 ad

104 927 245 993 Romam
268 928 417 993 reducere
441 929 626 1012 debeamus,
649 929 734 1012 quod
756 929 821 993 nisi
843 929 1015 996 fecerimus
1037 929 1121 993 nihil

105 1017 196 1082 aliud
218 1017 313 1082 nobis
333 1020 481 1100 superest
499 1016 563 1081 nisi
581 1018 674 1082 mori.
708 1017 839 1082 Placeat
857 1038 935 1102 ergo
955 1018 1121 1083 maiestati

105 1108 235 1170 vestrae
258 1105 361 1170 filiam
384 1109 527 1171 vestram
546 1126 618 1169 cum
642 1127 700 1170 suo
723 1105 792 1170 filio
813 1106 979 1170 remittere
1002 1106 1122 1190 ipsam-

66 1214 91 1253 ιο
106 1215 168 1279 que
196 1194 290 1259 nobis
319 1194 403 1259 siout
429 1194 468 1258 de
495 1194 563 1258 filio
592 1215 650 1258 suo
674 1194 752 1258 feeit
773 1193 928 1258 traditam
956 1195 997 1259 ad
1019 1217 1120 1260 reces-

106 1305 179 1348 sum
203 1284 287 1347 siout
309 1283 473 1346 maiestati
494 1286 622 1347 vestrae
645 1282 768 1366 placuit
787 1286 820 1346 et
838 1302 1017 1366 congruere
1034 1284 1121 1349 vide-

104 1371 196 1436 bitur
218 1371 314 1436 oitius
338 1370 509 1454 expetlire'.

195 1458 377 1543 Imperator
403 1459 457 1524 his
486 1459 605 1546 auditis
633 1481 698 1524 una
726 1480 799 1525 cum
830 1459 1035 1543 imperatrice
1062 1456 1176 1524 sua13

106 1549 244 1632 coniuge
269 1547 445 1632 stupefacti
467 1552 501 1612 et
523 1548 562 1612 de
585 1547 706 1613 talibus
729 1547 867 1612 novibus
890 1547 1028 1611 nimium
1047 1569 1120 1611 con-

65 1655 91 1695 15
105 1637 232 1702 tristati
246 1640 422 1721 coeperunt
439 1637 525 1701 inter
542 1658 576 1701 se
595 1637 712 1702 dicere:
733 1635 912 1712 ‘Quomodo
931 1657 991 1701 nos
1010 1636 1123 1700 miseri

106 1726 162 1810 qui
176 1728 306 1790 tantum
320 1725 449 1790 unicam
463 1725 623 1790 habemus
638 1725 739 1789 filiam
753 1724 914 1808 heredem,
930 1724 970 1789 de
985 1724 1122 1789 duorum

105 1815 277 1879 hominum
301 1818 526 1878 extraneorum
551 1814 730 1879 assertione
753 1815 787 1878 iu
810 1816 939 1877 tantum
963 1813 1122 1877 confidere

105 1924 293 1987 possumus,
326 1902 411 1986 quod
442 1903 544 1967 filiam
573 1904 721 1968 nostram
754 1923 851 1986 qnam
883 1902 967 1966 sicut
994 1902 1122 1966 animas

104 1995 237 2056 nostras
256 1990 421 2075 diligimus
441 2012 601 2075 quamque
621 1992 656 2054 in
674 1991 798 2073 gremio
823 1990 990 2074 sanguinis
1014 1990 1121 2055 cordis

65 2097 91 2137 20
105 2081 211 2145 nostri
231 2080 443 2144 enutrivimus
462 2080 572 2144 lumen
591 2079 757 2145 oculorum
776 2083 961 2144 nostrorum
977 2083 1009 2144 et
1028 2080 1122 2144 bacu-

104 2170 173 2234 lum
206 2168 382 2233 senectutis
410 2171 539 2233 nostrae
571 2189 744 2251 possumus
773 2189 792 2231 a
819 2168 916 2233 nobis
947 2189 1049 2251 usque
1082 2166 1122 2231 ad
1163 2183 1173 2204 ·

105 2261 235 2322 tantam
264 2257 327 2322 loci
350 2256 540 2321 distantiam
564 2276 736 2340 segregare
758 2249 964 2339 nescientes,'
980 2258 1008 2321 si
1031 2256 1123 2341 longi

105 2347 229 2428 latique
244 2345 343 2410 maris
360 2344 545 2412 intermedii
564 2345 786 2410 transfretatio
801 2365 857 2409 seu
871 2345 997 2408 viarum
1012 2345 1122 2409 discri-

106 2434 478 2518 minalongissimarum
492 2434 591 2498 talem
605 2433 744 2496 fortasse
759 2454 851 2497 casus
866 2436 1016 2497 eventum
1030 2454 1122 2515 prae·

67 2523 196 2605 reboat,
233 2525 270 2586 ut
301 2522 402 2586 filiam
434 2527 580 2587 nostram
617 2520 863 2585 dilectissimam
897 2542 988 2604 spem
1019 2520 1124 2585 totius

106 2610 221 2677 solacii
244 2609 348 2676 nostri
366 2610 400 2674 in
418 2610 481 2676 hoc
499 2610 627 2675 saeculo
645 2631 812 2692 nunquam
830 2609 939 2673 vivam
958 2608 997 2673 de
1016 2613 1124 2674 cetero

104 2699 228 2766 nostris
244 2700 345 2764 oculis
365 2697 566 2764 videamus‘l'
601 2697 640 2762 Ὁ
661 2699 699 2779 si,
719 2698 804 2781 quod
823 2697 918 2776 absit,
937 2697 1020 2761 talia
1037 2719 1124 2762 nova

105 2787 306 2872 reciperem',
324 2788 431 2871 inquit
449 2791 563 2870 mater,
582 2786 671 2871 ‘quid
692 2786 781 2852 aliud
797 2790 934 2852 restaret
952 2787 1016 2852 nisi
1036 2787 1123 2871 qnod

106 2899 159 2942 me
182 2875 299 2941 merito
328 2897 387 2959 pro
410 2876 521 2942 dolore
544 2873 764 2960 iugularem?'
805 2875 990 2961 Imperator
1013 2881 1123 2940 autem

69 2983 165 3030 coneo
194 2986 348 3030 eoronam
375 2965 577 3049 imperialem
605 2985 664 3029 suo
692 2963 793 3048 capiti
824 2965 991 3048 imponere
1023 2965 1122 3029 immo

105 3074 165 3118 nec
193 3053 277 3118 sicut
303 3053 402 3118 homo
430 3054 556 3118 ratione
584 3057 677 3118 utens
705 3052 841 3136 pedibus
873 3055 909 3116 in
939 3056 1027 3118 terra
1057 3074 1123 3117 am·

105 3142 219 3207 bulare
239 3141 295 3206 sed
315 3141 399 3206 siout
418 3142 541 3206 animal
561 3142 685 3206 cunetis
708 3141 905 3206 horrendum
926 3162 1123 3206 venenosum

178 3304 194 3353 ὁ
215 3297 425 3368 sollempnitate
444 3299 520 3353 codd.
613 3303 628 3351 ‘l
646 3295 736 3350 nichil
754 3298 830 3354 codd.
919 3303 951 3351 13
971 3296 1026 3350 hiis
1046 3298 1122 3352 codd.

109 3375 142 3425 14
159 3369 280 3424 novibus
299 3371 376 3425 codd.
396 3371 426 3438 (Ι)
505 3375 537 3424 19
557 3368 702 3438 sanguinis
725 3385 775 3424 om.
793 3368 832 3421 F.
906 3375 940 3422 20
963 3370 992 3422 et
1017 3384 1066 3424 om.
1087 3369 1122 3422 F.

107 3447 141 3507 22
167 3442 249 3494 tanta
274 3439 332 3494 loci
358 3438 526 3494 distanciam
550 3441 594 3506 D,
619 3441 701 3493 tanta
721 3438 778 3493 loci
801 3438 942 3493 distanoia
961 3439 997 3495 F.
1089 3445 1122 3496 29

107 3511 208 3566 merito
227 3515 259 3566 iu
276 3512 307 3565 D
325 3514 463 3582 repetitor.
539 3517 572 3566 30
590 3527 684 3579 ymmo
704 3512 779 3565 codd.
