2688 4158
524 237 739 302 ..29-

121 395 322 479 imperatore
346 417 363 460 e
387 393 563 461 converso'.
600 395 693 475 Quod
716 395 881 462 audientes
905 397 1083 481 imperator
1106 403 1139 464 et

120 482 315 567 imperatrix
343 481 541 548 Graecorum
570 506 643 550 cum
675 485 794 569 gaudio
826 486 1063 568 responderunt
1094 487 1140 552 di·

121 575 245 638 cantes:
265 570 389 638 ‘Parati
408 594 520 638 sumus
537 573 677 657 mittere,
694 574 800 639 facere
815 578 849 640 et
861 575 1003 659 recipere
1021 576 1140 658 omnia,

121 682 206 744 quaa
234 661 425 744 imperatori
447 661 670 727 Romanorum
696 663 828 747 placent
856 667 889 726 ct
915 685 997 747 quas
1019 685 1078 729 vos
1101 685 1140 728 ex

92 752 216 834 ⁵parte
234 749 336 832 ipsius
353 749 537 832 petivistis?
565 751 611 816 Et
623 751 748 817 uocatis
764 752 805 816 ad
819 772 854 816 se
871 750 997 817 duobus
1012 753 1140 818 baroni-

120 840 183 903 bus
197 837 363 902 nobilibus
379 843 411 904 et
426 840 476 904 sui
493 840 623 922 imperii
641 839 844 924 dignioribus
859 840 1036 924 imperator
1050 841 1139 925 ipsos
1188 864 1190 869 ·

121 927 165 992 ad
188 925 307 990 urbem
333 926 472 994 Romam
501 928 540 992 ad
568 928 857 994 consummandum
886 929 996 994 omnia
1020 933 1053 994 at
1075 930 1140 996 sin·

122 1015 202 1102 gula
225 1014 405 1098 praemissa
429 1016 665 1082 ambasiatores
689 1037 843 1082 concesso
867 1019 908 1083 iis
931 1040 992 1101 per
1012 1019 1138 1084 litteras

123 1125 200 1168 suas
227 1101 406 1170 sufficienti
431 1105 584 1171 mandato
613 1106 789 1190 deputavit.
831 1105 894 1182 Qui
920 1106 1050 1191 quidem
1073 1129 1140 1172 am·

80 1210 108 1249 10
122 1192 306 1258 basiatores
326 1194 467 1277 acceptis
486 1194 606 1258 litteris
625 1198 659 1258 et
672 1194 905 1278 procuratoriis
920 1217 1018 1279 super
1030 1195 1140 1261 huius-

122 1280 213 1346 modi
236 1281 395 1347 ordinatis
420 1285 453 1347 et
476 1283 628 1348 mandato
648 1305 721 1348 cum
743 1283 891 1367 planaria
909 1283 1141 1349 informatione

122 1370 206 1453 ipsis
238 1368 326 1436 fanto
359 1391 432 1436 cum
464 1371 740 1438 ambasiatoribus
772 1372 930 1437 Romanis
961 1394 1060 1438 naves
1093 1373 1140 1438 in-

124 1457 309 1544 gredientes
334 1481 368 1524 se
393 1459 434 1524 ad
456 1460 569 1525 urbem
591 1459 730 1526 Romam
753 1461 1001 1525 transtulerunt.

214 1545 277 1611 Die
296 1551 406 1612 autem
424 1551 538 1632 optata
557 1552 590 1614 et
607 1570 781 1633 prosperos
805 1548 954 1614 fortunae
975 1569 1141 1614 successus
1151 1551 1194 1616 46

83 1651 111 1692 1⁵
126 1634 281 1700 offerente
296 1635 337 1701 ad
351 1636 465 1701 urbem
478 1636 617 1702 Romam
636 1636 777 1702 feliciter
795 1641 1021 1721 pervenerunt.
1049 1636 1143 1714 Quod

125 1745 200 1789 cum
222 1723 413 1807 imperatori
432 1723 624 1792 Constantio
647 1727 870 1810 nuntiaretur,
892 1725 1048 1812 lacrimas
1064 1747 1142 1810 prae

125 1811 244 1896 gaudio
269 1813 435 1878 continere
453 1835 522 1879 non
544 1815 656 1880 ualens
680 1815 790 1880 omnia
813 1836 894 1899 quae
918 1814 959 1879 ad
986 1815 1143 1880 solacium

124 1901 222 1966 huius
241 1900 363 1965 saeculi
380 1901 486 1967 facere
504 1902 654 1969 uidentur
674 1904 714 1968 ad
737 1903 894 1970 honorem
918 1907 951 1969 et
969 1903 1144 1968 iucundum

126 1989 303 2054 adventum
325 1989 441 2055 talium
458 1992 646 2056 nuntiorum
666 1993 855 2076 praeparari
872 2013 950 2057 mox
967 1991 1143 2057 mandavit.

84 2096 111 2136 ro
127 2077 251 2154 Quibus
271 2079 421 2144 omnibus
439 2080 531 2144 iuxta
549 2080 717 2164 imperiale
732 2082 922 2147 mandatum
940 2081 1144 2165 praeparatis

126 2165 271 2232 universi
293 2167 418 2232 tribuni
438 2169 567 2234 nobiles
587 2173 620 2234 et
638 2169 761 2234 milites
785 2173 918 2254 totaque
941 2170 1069 2235 familia
1086 2171 1145 2234 im·

125 2255 260 2339 perialis
295 2256 389 2322 aulae
416 2256 497 2341 ipsis
528 2257 802 2324 ambasiatoribus
832 2264 865 2322 et
892 2259 1016 2323 nuntiis
1044 2260 1144 2343 impe-

125 2343 247 2408 ratoris
280 2343 479 2410 Graecorum
511 2366 609 2429 supra
638 2346 734 2410 dictis
770 2368 843 2410 cum
875 2347 965 2411 tubis
998 2347 1143 2413 buccinis

125 2432 257 2516 hymnis
280 2437 313 2497 et
334 2433 468 2499 canticis
487 2439 521 2500 et
539 2434 699 2499 universis
718 2433 929 2500 musicalibus
948 2434 1145 2500 instrumen-

86 2539 113 2580 as
128 2521 173 2585 tis
193 2525 230 2585 ut
248 2523 348 2586 moris
367 2525 417 2586 est
435 2527 652 2589 occurrerunt.
688 2521 734 2586 Et
751 2522 792 2586 iis
810 2522 987 2587 honorifice
1006 2524 1149 2612 receptis

128 2609 171 2674 ad
189 2609 357 2693 imperiala
374 2612 547 2695 pallatium
566 2611 655 2696 ipsos
673 2610 900 2695 perduxerunt
932 2608 1144 2677 Constantius

127 2719 207 2763 uero
235 2700 413 2782 imperator
435 2699 601 2767 Romanus
630 2721 684 2766 eos
709 2721 782 2764 cum
808 2718 929 2783 magna
951 2700 1075 2784 recepit
1096 2721 1145 2764 re-

126 2787 289 2870 uerentia,
313 2787 398 2852 sicut
420 2811 514 2854 suam
536 2790 645 2855 decuit
666 2788 881 2854 maiestatem.

217 2873 315 2940 Mane
342 2880 453 2942 autem
480 2879 568 2944 facto
591 2880 770 2964 imperator
793 2881 909 2944 uocato
934 2880 1005 2943 toto
1030 2878 1197 2944 senatu4i

85 2982 113 3022 eo
128 2967 162 3028 et
185 2963 345 3030 univorsis
369 2967 436 3030 suis
459 2968 598 3034 tribunis
622 2972 656 3032 et
677 2967 842 3034 nobilibus
866 2969 899 3031 et
922 2966 1034 3032 audita
1055 2965 1145 3051 lega-

128 3053 219 3119 tione
238 3051 399 3119 dictorum
416 3056 604 3121 nuntiorum
624 3057 747 3139 omnia,
770 3075 852 3140 quaa
870 3076 929 3138 per
946 3058 1143 3120 mercatores

202 3229 448 3282 tcobsumandum
457 3231 543 3293 codd„
553 3230 802 3284 consummandum
811 3228 918 3297 sampsi.
970 3234 1002 3280 11
1017 3227 1145 3296 plenario

129 3301 207 3355 codd.
282 3306 315 3354 14
328 3298 469 3369 prosperis
483 3300 613 3354 fortunae
628 3299 803 3354 successibus
818 3300 894 3354 codd.
962 3303 995 3354 16
1011 3295 1145 3378 Constan-

130 3369 192 3424 tino
207 3369 245 3438 F,
262 3369 459 3425 nuncciaratur
472 3373 549 3426 codd.
614 3376 648 3425 18
666 3370 816 3427 iocundum
835 3368 912 3425 codd.
971 3375 1006 3424 22
1020 3368 1146 3423 runcoris

131 3443 209 3498 codd.
282 3439 422 3508 myronis
436 3441 474 3510 D,
492 3440 605 3512 ympnis
624 3442 660 3496 F.
716 3448 750 3497 25
768 3440 901 3511 reiceptis
921 3439 953 3496 F
968 3457 1029 3496 cum
1045 3455 1147 3496 rasura

130 3514 163 3567 ic
181 3513 264 3568 tuitio
280 3518 314 3568 ut
330 3513 438 3568 vidum
455 3529 512 3568 nou
527 3514 658 3583 perfecta.
730 3518 763 3568 31
783 3511 965 3567 nuncciorum
985 3512 1060 3568 codd.
