2688 4158
501 241 715 305 -15-

93 395 267 464 nostrum'.
309 399 373 463 Per
400 422 482 552 quae
511 403 543 464 et
570 400 622 465 his
651 400 773 464 similia
802 401 945 466 animum
972 401 1035 466 viri
1065 402 1115 466 sui

95 485 287 569 aliqualiter
310 488 484 573 mitigavit.

187 573 324 641 Nobiles
340 582 450 641 autem
464 577 617 661 coniuges
631 578 715 641 nihil
732 578 818 643 alind
836 577 920 662 apud
940 599 974 642 se
992 577 1113 644 haben·
1124 581 1170 646 23

95 667 162 748 tes,
190 661 229 726 de
253 686 316 749 qno
340 666 449 730 cibum
472 669 507 731 et
528 673 642 749 potum
667 688 792 732 sumere
815 670 963 751 possent,
988 667 1052 730 nisi
1075 667 1115 731 de

69 750 258 818 afructibus
278 754 480 837 quarundam
500 756 653 821 arborum
672 777 752 840 quas
771 756 806 820 in
823 755 996 850 praedicta
1006 755 1115 820 insula

96 842 292 907 invenerunt
314 847 347 906 et
373 843 412 908 de
437 865 521 927 aqua
544 843 710 908 maritima
738 866 773 909 se
802 866 860 927 per
888 837 1015 929 aliqnds
1045 844 1114 909 dies

97 929 281 994 refecerunt
309 931 395 996 aliud
425 933 556 1014 penitus
587 933 824 997 nutrimentum
852 954 918 998 non
948 933 1069 998 habent
1055 937 1117 998 tes

98 1015 181 1082 (lum
205 1023 314 1084 autem
341 1021 500 1104 placuerit
486 1020 654 1086 tdivinae
681 1021 749 1105 piet
752 1025 786 1086 at
787 1022 811 1105 i,
838 1043 920 1106 quac
943 1019 1115 1087 Danielem

98 1106 138 1171 de
160 1106 234 1172 lacu
256 1109 389 1173 leonum
412 1109 578 1192 liberavit,
606 1131 661 1174 eos
685 1109 836 1175 similiter
858 1111 1013 1194 liberare,
1042 1132 1115 1174 con·

60 1215 84 1254 ιο
97 1195 178 1278 tigit
209 1200 246 1260 ut
277 1197 342 1282 ipsi
375 1201 500 1264 stantes
532 1197 680 1264 riderent
711 1198 860 1264 homines
890 1199 1047 1283 quosdam
1076 1199 1116 1262 de

97 1299 201 1367 prope
229 1286 434 1371 navigantes·
485 1287 547 1362 Qui
579 1287 686 1370 gavisi
718 1287 858 1352 multum
891 1288 1116 1352 clamaverunt

99 1394 195 1456 super
228 1395 282 1439 eos
319 1375 477 1440 dicentes:
524 1374 563 1440 ‘0
597 1374 802 1440 dilectissimi
834 1375 997 1458 homines,
1033 1397 1115 1459 quos

98 1461 320 1528 misericordia
356 1463 488 1528 deorum
521 1463 708 1529 sublimium
742 1462 783 1528 ad
813 1463 890 1545 hoc,
926 1468 963 1528 ut
996 1485 1056 1528 nos
1094 1487 1116 1529 a

99 1554 203 1616 morte
236 1552 411 1635 eriperent,
444 1553 485 1618 ad
516 1553 602 1617 hunc
633 1553 741 1617 locum
773 1551 878 1616 felicit
863 1555 913 1616 ter
945 1551 1116 1634 pervenire

60 1657 85 1698 ιι
99 1638 244 1704 fecerunt
230 1641 376 1722 t,vobis
403 1641 519 1706 intime
547 1642 779 1725 supplicamus,
809 1645 847 1705 ut
875 1662 985 1706 amore
1013 1639 1116 1704 divini

97 1728 236 1811 praemii
259 1749 297 1793 ac
318 1723 423 1794 nauli
432 1729 533 1794 vestri
555 1751 616 1794 nos
640 1730 681 1795 ad
703 1751 803 1796 naves
829 1735 956 1795 vestras
980 1729 1114 1831 recipia-

98 1816 197 1880 tiset
220 1816 403 1900 perducatis
427 1819 467 1882 ad
497 1822 643 1902 portum,
676 1819 716 1884 ad
744 1840 839 1902 quem
866 1841 925 1884 vos
952 1818 1000 1882 ire
1028 1818 1114 1902 cogi-

97 1908 164 1969 ttas
164 1903 215 1969 is'.
252 1905 314 1981 Qui
333 1906 461 1990 quidem
480 1906 629 1972 homines
649 1929 747 1991 supra
765 1907 898 1972 modum
916 1906 1115 1972 admirantes
1198 1925 1213 1950 ⁸

100 2015 150 2072 eo,
179 1994 264 2077 quod
293 1994 416 2059 ibidem
439 1995 566 2079 aliquos
594 1996 744 2061 homines
772 2017 937 2079 nunquam
966 1996 1117 2060 viderant

58 2102 85 2142 eo
101 2086 158 2150 aut
189 2083 339 2148 habitare
371 2085 559 2168 credebant,
596 2089 786 2173 coeperunt
804 2085 845 2150 ab
877 2085 919 2149 iis
953 2105 1116 2168 quaerere,

99 2170 239 2255 qualiter
262 2171 382 2236 ibidem
409 2174 644 2326 pervenissent.
686 2173 748 2250 Qui
776 2174 930 2238 timentes
953 2195 1020 2239 non
1044 2195 1114 2238 esse

98 2263 134 2324 ιιι
134 2263 214 2343 tum,
231 2260 266 2324 si
285 2260 325 2324 iis
344 2265 542 2345 exponerent
560 2263 609 2326 rei
627 2265 740 2346 gestae
758 2263 940 2346 veritatem,
963 2261 1115 2326 dixerunt

98 2348 139 2413 iis
161 2369 221 2433 per
242 2347 329 2414 hunc
352 2351 497 2415 modum:

187 2435 396 2503 ‘Mercatores
420 2439 598 2522 quidam,
589 2461 624 2503 ιιι
642 2460 779 2522 quorum
798 2439 949 2504 manibus
967 2459 1027 2502 nos
1047 2460 1114 2502 era·
1102 2437 1168 2501 -24

58 2544 85 2585 aa
98 2547 184 2610 mus,
217 2529 359 2609 tempest
361 2530 413 2592 aet
446 2527 553 2591 valida
585 2527 745 2610 compulsi
777 2527 893 2591 adt
849 2529 893 2591 ist
894 2549 946 2590 am
973 2526 1114 2590 insulani

47 2643 49 2650 ¹
98 2636 170 2680 cum
195 2615 262 2682 suis
285 2615 423 2680 navibus
446 2616 573 2681 noviter
602 2618 831 2698 pervenerunt,
859 2615 915 2700 qui
942 2636 1015 2681 cum
1042 2615 1116 2680 fati-

98 2703 169 2788 gati
196 2725 217 2768 a
244 2701 474 2768 laboribust
441 2707 474 2770 et
501 2705 658 2788 remigrat
644 2704 788 2769 tionibus
810 2703 908 2782 nimis
932 2707 1042 2768 essent
1064 2704 1116 2768 de-

97 2792 319 2858 liberaverunt
345 2792 379 2856 in
407 2793 481 2877 ipsa
506 2793 613 2858 insula
643 2815 703 2877 per
729 2797 860 2859 noctem
892 2793 1115 2877 requiescendi

98 2881 207 2964 gratia
229 2901 427 2964 permanere.
464 2879 598 2966 Nosque
623 2881 662 2946 de
684 2882 871 2948 huiusmodi
893 2881 1046 2967 periculis
1068 2882 1116 2946 in·

58 2986 85 3027 so
98 2968 245 3034 consueti
268 2990 305 3034 ao
327 2969 444 3038 timore
468 2972 584 3037 mortis
606 2971 705 3036 nimis
728 2971 894 3056 perterriti
919 2993 1014 3036 mane
1042 2993 1115 3035 cum

97 3058 163 3141 ipsi
190 3060 388 3123 mercatores
415 3059 604 3125 recederent
631 3081 683 3144 eo,
713 3060 799 3145 qnod
827 3060 912 3125 oculi
939 3059 1045 3124 nostri
1068 3059 1115 3121 ni-

98 3147 200 3211 mium
228 3147 357 3229 gravati
384 3146 528 3231 fuerant,
555 3170 632 3233 prae
659 3149 796 3214 tristitia
823 3147 1039 3213 remansimus
1062 3146 1116 3212 hic

171 3311 184 3356 1
211 3301 267 3355 hiis
293 3304 369 3358 codd.
444 3311 459 3358 3
486 3302 576 3358 nichil
602 3304 638 3359 F.
718 3311 734 3360 8
761 3303 869 3374 placuit
894 3304 970 3358 codd.
1044 3319 1115 3372 quae

96 3375 211 3442 scripsi,
231 3372 279 3442 qui
294 3375 370 3428 codd.
445 3382 460 3429 9
476 3390 524 3428 eos
538 3377 634 3430 deest
623 3393 655 3430 aa
668 3376 744 3430 codd
819 3381 852 3429 10
865 3373 994 3428 viderent
1007 3375 1117 3442 carpsi,

97 3443 226 3498 videntes
251 3446 327 3500 codd.
402 3451 436 3500 15
458 3446 584 3501 fecerent
605 3447 648 3512 Ι),
673 3447 808 3516 ceperunt
830 3446 866 3500 F.
940 3444 1060 3514 reipsa
1077 3446 1117 3512 D,

95 3515 153 3570 ista
171 3515 207 3572 F.
282 3521 316 3570 29
336 3532 389 3584 que
409 3533 459 3571 om.
478 3517 515 3572 F.
