2688 4158
516 257 713 322 ..5.-

104 413 253 479 habebat
272 413 513 499 confidentiam,
538 417 623 500 quod
646 416 710 500 ipsi
729 416 792 482 soli
814 438 888 481 cum
908 439 1019 482 eorum
1037 418 1125 483 navi-

7 529 11 540 ·
105 504 168 568 bus
193 505 226 567 et
249 502 374 568 familie
397 509 429 570 et
451 503 535 569 nulli
559 504 617 569 alii
640 505 763 570 aditum
790 525 937 570 securum
959 506 1127 571 habebant

107 591 150 656 ad
187 590 357 656 Graeciam
393 615 453 676 pro
491 593 681 679 quaerendis
716 593 944 679 mercimoniis,
989 616 1127 678 quorum

108 699 265 765 magnam
298 681 426 765 copiam
459 682 592 747 cottidie
620 683 841 766 apportabant
873 686 905 746 et
938 682 1050 748 exinde
1080 683 1128 747 ni·

84 769 217 832 amium
244 768 340 834 ditati
367 769 497 836 fuerant
520 775 553 836 εὴ
579 770 618 836 de
641 770 692 836 die
715 771 750 835 in
773 771 859 836 diam
882 771 1023 855 amplius
1046 771 1128 836 dita·

112 858 242 922 bantur.
284 854 433 944 Contigit
456 863 578 943 autem,
605 863 643 924 ut
670 859 809 944 quadam
833 859 884 925 die
908 860 986 925 dicti
1008 881 1129 924 merca-

111 950 200 1011 tores
225 946 322 1010 simul
345 969 403 1031 per
424 947 538 1012 urbem
562 948 725 1032 spatiandi
748 949 857 1033 gratia
877 948 1073 1032 incederent,
1096 952 1129 1013 et

110 1037 355 1119 praetereuntes
383 1037 533 1101 viderunt
556 1037 757 1120 praedictum
779 1059 914 1120 puerum
944 1035 1129 1102 Constanti-

109 1145 190 1188 num
223 1124 289 1187 iem
320 1123 445 1189 factum
478 1125 653 1190 decennem
685 1124 737 1191 vel
770 1126 898 1192 circiter
928 1127 1015 1191 inter
1046 1126 1129 1190 alios

71 1233 97 1272 ιο
111 1233 231 1297 pueros
255 1215 427 1278 coetaneos
453 1235 529 1279 suos
552 1213 727 1278 ludentem.
771 1213 874 1290 Quem
899 1236 972 1279 cum
995 1212 1129 1299 diligen·

110 1300 178 1366 tius
209 1300 321 1366 intuiti
351 1300 502 1386 fuissent,
532 1306 707 1385 coeperunt
735 1301 891 1367 admirari
918 1302 987 1368 eins
1014 1302 1130 1367 habili-

111 1393 214 1454 tatem
240 1392 273 1454 et
295 1390 572 1473 pulchritudinem
593 1391 734 1455 dicentes
754 1393 787 1454 et
806 1394 997 1474 quaerentes
1021 1391 1062 1455 ab
1083 1413 1130 1473 eo,

111 1478 261 1562 quisnam
297 1483 384 1543 esset
414 1482 508 1562 pater
541 1479 609 1544 eius
639 1481 671 1544 et
705 1500 768 1562 quo
796 1479 928 1543 nomine
951 1482 1130 1544 vocaretur.

112 1566 176 1643 Qui
198 1566 398 1651 respondens
422 1568 483 1632 ait:
514 1567 597 1653 ‘quis
622 1568 666 1632 sit
688 1570 782 1651 pater
799 1588 890 1630 meus
913 1567 1033 1649 nescio,
1057 1569 1132 1651 quia

71 1675 96 1715 15
110 1656 182 1739 ipse
205 1656 244 1720 de
267 1655 330 1720 hac
352 1656 421 1721 vita
445 1657 592 1721 sublatus
615 1656 685 1720 fore
709 1655 840 1739 dicitur,
872 1656 1047 1740 antequam
1070 1676 1130 1740 ego

109 1747 209 1808 natus
228 1765 343 1809 essem.
380 1743 442 1809 Sed
461 1745 545 1829 scio,
569 1745 655 1830 quod
674 1744 779 1809 habeo
799 1746 937 1809 matrem
956 1765 1131 1828 pauperem
1223 1777 1228 1790 ·

110 1833 281 1898 mulierem
305 1836 339 1896 et
361 1855 460 1899 vocor
483 1856 522 1898 ex
545 1834 676 1899 nomine
700 1831 957 1900 Constantinus'.

202 1921 273 1997 Quo
295 1920 406 1986 audito
430 1922 604 1987 consilinm
626 1922 812 1988 habuerunt
834 1921 912 1986 dicti
935 1920 1165 1986 mercatores‘l

109 2010 199 2075 inter
216 2031 250 2074 se
270 2009 427 2075 dicentes:
456 2009 560 2094 ‘Quis,
578 2013 689 2094 putas,
707 2012 770 2076 iste
789 2033 870 2094 puer
889 2010 973 2076 erit?
1009 2009 1132 2074 Educe-

72 2119 97 2158 ao
112 2121 185 2162 mus
207 2099 315 2182 ipsum
334 2101 368 2162 et
384 2099 480 2164 bonis
500 2100 644 2164 moribus
664 2099 863 2164 instruamus
884 2103 917 2163 et
936 2099 975 2163 ad
995 2099 1133 2183 impera·

110 2191 218 2252 torem
235 2186 432 2252 Graecorum
450 2188 622 2252 nobiscum
640 2188 853 2272 perducamus
873 2187 1026 2271 dicentes,
1046 2187 1131 2270 quod

112 2276 158 2340 sit
187 2275 272 2340 filius
300 2276 425 2340 domini
451 2277 558 2341 nostri
580 2275 804 2341 Romanorum
830 2276 1050 2360 imperatoris,
1078 2276 1133 2360 qui

111 2363 194 2428 velit
221 2385 294 2428 eum
323 2386 400 2428 snae
427 2365 514 2430 filiae
541 2365 577 2429 in
600 2365 770 2448 coniugem
801 2367 834 2428 et
860 2365 1015 2428 maritum
1039 2385 1134 2448 copu-

114 2452 184 2516 lare
209 2457 241 2518 et
263 2474 378 2536 pacem
401 2456 594 2537 perpetuam
618 2475 726 2517 secum
750 2452 864 2516 exinde
887 2451 1076 2516 contrahere
1101 2457 1134 2517 et

77 2559 102 2598 2⁵
120 2563 259 2606 servare.
288 2540 350 2617 Qui
369 2542 502 2626 gavisus
521 2541 623 2605 filiam
639 2562 731 2604 suam
746 2540 810 2604 sibi
828 2540 936 2604 tradet
953 2540 988 2604 in
1001 2561 1134 2604 uxorem

116 2633 150 2694 et
178 2651 251 2694 eam
279 2631 449 2695 nobiscum
476 2651 637 2694 unacum
661 2629 733 2713 ipso
758 2649 795 2693 ac
814 2628 952 2693 navibus
976 2629 1133 2694 debonis

115 2719 336 2784 mercimoniis
366 2719 508 2784 oneratis
536 2719 683 2782 remittet
710 2721 744 2782 et
772 2716 818 2782 sic
844 2739 904 2800 per
926 2717 1024 2782 istem
1046 2717 1134 2782 viam

114 2807 308 2890 locupletari
336 2807 515 2891 poterimus
544 2829 617 2871 oum
644 2807 770 2871 iactura
798 2809 830 2870 et
863 2806 1133 2872 circumventione

113 2895 260 2961 hostium
277 2894 522 2961 Romanorum'.
554 2894 647 2971 Quod
666 2895 837 2960 consilium
857 2916 930 2960 cum
948 2895 1135 2979 placuisset,

73 3020 98 3060 ³0
114 2988 308 3068 acceperunt
323 2984 528 3068 praedictum
546 3005 683 3068 puerum
701 2980 954 3048 Constantinum
973 2987 1006 3047 et
1025 3005 1134 3048 secum

112 3074 152 3138 ed
176 3074 308 3138 domum
328 3095 420 3138 suam
438 3073 649 3157 perducentes
673 3073 844 3157 ipsumque
864 3072 903 3136 de
922 3072 1018 3137 bonis
1036 3071 1134 3137 vesti·

111 3161 172 3226 bus
191 3161 364 3227 induentes
382 3166 551 3246 tamquam
570 3162 673 3226 filium
692 3162 862 3246 proprium
882 3182 940 3244 per
958 3159 1134 3225 triennium

183 3326 198 3374 2
226 3317 354 3373 additum
379 3320 470 3386 codd,
501 3317 611 3372 aditum
642 3319 758 3374 coacti,
865 3324 882 3371 4
912 3314 1029 3370 cottidie
1056 3316 1134 3371 codd.

114 3397 128 3444 7
153 3388 300 3461 spaciandi
323 3391 399 3445 codd.
510 3395 543 3444 15
567 3391 626 3444 fore
651 3395 683 3444 at
706 3390 771 3444 otiis
794 3389 861 3443 tocie
883 3389 955 3442 idem
981 3388 1054 3457 qaod
1072 3402 1134 3440 esse

113 3462 257 3532 siginificat.
345 3467 379 3516 20
399 3462 428 3516 et
446 3460 488 3527 F,
507 3462 537 3515 et
557 3459 583 3513 d'
602 3461 648 3528 D,·
665 3459 835 3514 instruemus
854 3460 931 3514 codd.
1026 3462 1059 3512 25
1080 3455 1134 3512 sibi

114 3538 144 3587 ut
160 3533 316 3605 sepissime
334 3533 366 3588 in
383 3533 433 3588 hoc
451 3533 540 3589 libello
558 3533 629 3588 idem
647 3548 680 3587 ao
698 3530 725 3585 ei
743 3531 891 3600 eipaificot.
